1584 2814
179 163 287 224 506
480 164 734 224 Ill-secta.
778 163 1172 220 Pterodicera.

176 274 244 306 tim
260 298 269 315 ,
301 271 452 316 paulum
480 271 656 313 dilatat03
689 271 843 304 articulo
868 273 1024 316 secundo
1052 278 1256 304 transverso
1271 297 1280 314 ,
1304 273 1471 306 lenticu-

175 336 245 369 lari
261 352 270 380 5
308 336 415 368 tertio
444 337 579 380 majore
597 361 606 378 ,
633 327 889 368 ovato-conice
918 331 986 369 'aut
1018 337 1240 380 pyrismmi,
1268 338 1375 370 modo
1405 339 1473 371 ab-

173 408 301 446 rupte,
331 400 438 434 modo
458 401 651 444 gradatim,
671 400 769 432 ultra
784 400 905 444 basin,
927 408 1135 445 angustam,
1152 402 1378 442 acuminato,
1397 403 1473 435 sive

171 463 366 505 subulat05
398 463 500 495 illius
522 462 622 505 apice
652 460 858 492 submutico
887 462 946 493 vel
970 463 1061 505 stylo
1080 463 1258 496 setiformi
1275 489 1284 505 ,
1311 463 1475 508 simplici

173 534 237 561 aut
256 527 466 571 composito,
489 525 682 557 instructo.
700 523 897 557 Probo-scis
916 524 1267 568 siphunculiformis,
1286 528 1474 560 submem-

173 592 349 625 branacea
364 615 372 631 ‚
395 590 555 632 elongata
570 613 579 629 ,
602 588 782 630 originem
802 599 926 620 versus
947 588 1079 621 inflexa
1094 614 1103 631 ‚
1130 592 1333 635 geniculata
1350 616 1360 633 ‚
1390 598 1478 624 tunc

173 660 358 700 porrecta,
381 652 437 684 his
470 652 510 683 in
539 651 692 683 cavitate
721 651 831 692 orati,
866 652 965 694 apice
992 658 1139 695 excepto
1160 678 1170 694 ,
1200 655 1342 697 penitus
1374 655 1479 687 exci-

173 717 304 765 pienda
321 742 330 759 ,
357 715 583 756 abbreviata,
608 715 881 757 subcylindrica
898 739 908 757 ,
933 714 977 747 ad
1002 715 1147 758 apicem
1167 718 1274 759 paulo
1301 718 1476 760 crassior,

171 792 235 815 seu
249 779 408 823 capitulo
422 777 705 821 angusto-ovali,
729 777 836 822 labiis
856 777 1009 810 formato
1028 803 1037 819 ‚
1061 778 1255 811 terminata
1271 804 1280 821 ,
1306 779 1383 812 illis
1396 782 1477 814 lon-

175 845 265 891 gior,
286 842 399 886 magis
412 848 570 885 exserta,
593 842 959 884 cylindrico-conica,
977 853 1039 874 seu
1059 842 1103 874 ad
1121 843 1257 886 apicem
1277 849 1479 877 attenuato-

174 908 392 943 acuminata.
418 906 651 941 Hau-stellam
676 908 907 950 elongatum,
927 906 1011 938 setis
1034 912 1214 950 quatuor,
1236 907 1480 947 acuminatis,

177 985 194 1008 1
214 1001 223 1016 ‚
245 985 258 1006 1
276 998 285 1015 ,
315 985 352 1016 25
374 973 492 1017 prima
516 979 551 1005 et
574 958 794 1005 intermedia
819 970 1091 1014 validioribus;
1116 972 1179 1004 illa
1203 971 1357 1011 latiore,
1373 983 1482 1017 supra

175 1049 360 1077 convexa,
387 1037 515 1070 subtus
542 1036 878 1078 unicanaliculata3
905 1035 972 1068 hac
1001 1035 1173 1068 omnibus
1198 1037 1386 1080 longiore5
1419 1037 1484 1069 in·-

168 1104 256 1137 seris
276 1103 416 1135 duabus
441 1101 672 1134 tenuioribus
687 1127 696 1144 ,
717 1101 973 1144 capillaribus,
1006 1102 1199 1145 palporum
1220 1101 1297 1133 basi
1324 1102 1478 1135 internae

177 1167 468 1205 adhaerentibus,
496 1171 576 1198 setae
607 1175 743 1208 superae
772 1163 1020 1208 longitudine.
1049 1164 1166 1210 Palpi
1190 1166 1480 1209 membranacei,

179 1231 309 1276 saepius
332 1242 406 1263 non
432 1230 584 1271 exserti,
604 1229 729 1272 longi,
757 1229 907 1271 graciles
922 1254 931 1270 ‚
955 1228 1160 1272 filiformes,
1183 1230 1331 1273 villosi,
1351 1231 1481 1274 erecti,

178 1294 479 1329 subinarticulati
506 1298 569 1325 aut
591 1292 757 1325 articulis
779 1292 823 1324 ad
844 1303 1031 1325 summum
1054 1292 1208 1325 duobus.

228 1377 363 1420 Corpus
391 1374 500 1406 breve
533 1379 596 1405 aut
623 1373 805 1413 mediocre
827 1398 838 1415 ,
867 1373 1077 1416 depressum
1097 1398 1106 1416 ,
1138 1380 1385 1408 tomentosum
1418 1382 1483 1409 aut

177 1439 377 1472 hirsutum.
422 1436 540 1481 Caput
572 1436 830 1479 subglobosum
862 1437 922 1469 vel
960 1437 1304 1480 hemisphaericum,
1337 1440 1485 1478 'thoraci

179 1510 276 1536 arcte
307 1501 528 1546 applicatum
546 1525 555 1541 ‚
585 1500 687 1532 illius
718 1499 914 1532 latitudine
941 1507 977 1532 et
1006 1501 1230 1541 altitudine,
1257 1503 1373 1534 oculis
1399 1514 1485 1537 am-

176 1566 373 1612 plissimis,
405 1564 508 1597 valde
537 1563 733 1607 elongatiS,
766 1563 805 1596 in
836 1563 1008 1597 masculis
1024 1566 1221 1608 praesertim
1239 1591 1248 1607 ,
1272 1565 1484 1609 frequenter

175 1631 322 1676 penitus
354 1630 426 1663 fere
462 1635 702 1672 occupatum,
732 1628 925 1660 cavitatem
958 1629 1093 1661 oralem
1135 1640 1243 1673 supra
1281 1629 1321 1661 in
1353 1630 1484 1662 multis

179 1692 436 1737 prominulum
463 1705 470 1732 3
498 1690 622 1722 ocellis
648 1689 766 1722 tribus
795 1690 813 1731 ,¹
843 1690 1058 1733 plerumque
1086 1690 1366 1733 minutissimis,
1398 1703 1486 1723 con-

181 1756 313 1800 gestis,
349 1754 541 1786 tuberculo
566 1752 697 1795 exiguo
729 1751 920 1795 impositis.
952 1751 1124 1784 Halteres
1150 1753 1322 1785 subnudi.
1352 1753 1485 1786 Abdo-

180 1833 259 1855 men
282 1819 386 1852 valde
413 1818 635 1861 depressum,
650 1816 1131 1859 elongato-subquadratum
1151 1822 1186 1848 et
1201 1816 1245 1848 ad
1267 1816 1406 1859 apicem
1422 1816 1485 1848 ab-

183 1890 291 1927 rupte
312 1882 563 1914 acuminatum
579 1906 589 1923 ‚
616 1880 677 1914 vel
701 1880 969 1923 subtrigonum.
995 1880 1110 1913 Pedes
1131 1880 1253 1923 longi,
1269 1880 1485 1923 gracillimi3

180 1948 266 1981 tarsi
297 1946 543 1979 communiter
577 1944 745 1989 pulvillis
779 1944 919 1976 duobus
941 1969 950 1985 ,
981 1943 1148 1976 minimis
1177 1950 1212 1976 et
1242 1944 1283 1976 in
1314 1944 1486 1988 plurimis

182 2011 377 2048 obsoletis,
406 2008 602 2041 subuullis.
632 2006 722 2053 Alce
748 2017 884 2050 magnae
901 2032 909 2048 ,
934 2006 1205 2049 horizontffles,
1229 2008 1301 2040 late
1324 2012 1485 2050 patentes

183 2082 218 2108 et
246 2086 330 2106 cum
357 2084 526 2117 corpore,
551 2073 656 2115 cujus
684 2071 782 2104 ultra
808 2072 922 2104 latera
950 2071 1209 2115 expanduntur
1226 2097 1235 2113 ,
1256 2071 1483 2114 triangulum

181 2150 355 2182 :magnum
381 2124 576 2169 efficientes
592 2161 601 2177 ,
632 2136 683 2168 ita
708 2136 898 2180 saepissime
931 2135 1149 2169 reticulatae:
1174 2135 1306 2166 cellula
1330 2134 1485 2166 medias-

179 2204 260 2236 tina
284 2208 366 2234 ante
389 2202 527 2244 apicem
554 2200 785 2232 terminalem
812 2199 876 2231 vix
907 2199 1143 2231 discernenda
1160 2212 1170 2241 ;
1190 2198 1321 2230 cellula
1344 2199 1486 2241 margi-

180 2266 274 2299 nalis
292 2265 418 2308 longa',
433 2264 475 2296 ad
488 2264 625 2307 apicem
640 2263 1003 2303 rotundato-dilatata
1018 2276 1031 2301 ,-
1044 2260 1183 2293 cellulae
1196 2261 1483 2305 submarginales

184 2331 263 2364 duae
284 2356 293 2372 ,
325 2329 566 2374 imperfectae,
588 2328 819 2369 terminales,
846 2327 1071 2359 extrinsecus
1095 2326 1138 2358 ad
1164 2326 1301 2369 apicem
1327 2326 1484 2358 sscxuoso

183 2396 365 2437 incurvae5
395 2393 511 2426 infera
530 2405 639 2437 parva
656 2419 664 2435 ,
681 2393 807 2437 apicali
824 2407 832 2434 3
854 2399 924 2425 tres
945 2392 1083 2424 cellulae
1107 2391 1317 2424 discoidales
1335 2397 1369 2423 et
1401 2402 1486 2434 per-

183 2460 304 2503 sectae5
330 2460 472 2495 interna
494 2465 644 2505 angusta
657 2485 668 2505 ,
690 2460 853 2503 elongata
869 2484 880 2504 ,
894 2456 1119 2502 sublimem-15
1140 2456 1256 2491 infera
1270 2456 1352 2490 aliis
1366 2455 1483 2489 multo
