1635 2824
233 164 254 202 1
269 149 340 203 84
531 148 785 212 Insecta.
829 149 1007 204 Ptero
1015 148 1224 204 dicem.

226 255 463 297 brevissimis,
476 257 690 301 compositae,
705 258 748 290 ad
767 258 945 302 originem
967 260 1158 303 paululum
1176 260 1393 302 incrassatae,
1415 260 1530 294 forma

228 325 264 351 et
294 320 521 363 longitudine
552 322 684 360 variae,
717 322 878 364 capitatae
894 347 904 361 ,
935 324 1104 366 clavatae,
1131 323 1338 365 filiformes,
1361 329 1527 365 setaceae,

229 384 410 428 simplices
436 393 497 418 aut
524 386 708 429 pectinata?
728 386 786 417 ivl
815 391 955 417 serratae
971 411 980 428 ‚
1001 387 1038 419 in
1061 388 1228 431 plurimis
1246 388 1374 419 ciliatae
1389 402 1397 430 3
1415 388 1529 421 latere

227 453 379 480 externo
410 449 630 486 rotundato,
666 453 882 490 squamato3
915 447 1060 480 interno
1088 451 1213 494 saepius
1241 449 1418 494 ancipiti,
1444 450 1532 482 lon-

227 510 306 554 gius
321 510 523 542 articulato.
543 512 694 553 clypeus
710 509 848 549 brevis,
863 509 992 551 antico,
1007 511 1048 543 ad
1065 512 1241 555 originem
1260 513 1410 556 linguae,
1431 518 1528 544 recta

225 579 261 605 et
276 579 390 605 transi
401 584 476 604 erse
498 572 680 604 d‹·finitus.
705 573 752 603 Os
767 572 891 614 lingua
910 573 1096 616 palpisque
1120 575 1260 607 duobus
1279 582 1342 607 aut
1360 581 1532 618 quatuor.

228 638 375 683 Lingua
411 637 497 679 (scu
521 636 742 667 liaustellum
767 636 938 680 nudum)
965 636 1091 679 saepius
1117 650 1286 682 praescns,
1313 640 1531 684 plerumque

226 713 355 735 cornea
372 727 380 742 ‚
407 707 541 733 setacea
557 725 566 741 ,
586 701 653 732 sub
668 700 792 743 clypeo
813 711 996 741 enascens,
1016 700 1114 733 inter
1133 703 1252 747 palpos
1270 705 1465 736 convoluta
1482 730 1490 746 ,
1513 715 1531 736 e

226 766 298 798 filis
316 765 457 797 duobus
471 789 479 805 ,
497 764 675 797 tubulosis
691 789 698 803 ,
727 764 767 795 ad
788 763 882 795 laius
897 764 1086 796 internum
1108 764 1508 811 depresso-marginatis
1524 791 1534 809 ,

229 830 370 862 coalitis
382 836 417 862 et
430 830 607 871 canalem,
622 829 781 872 liquores
800 829 974 861 nutritios
992 841 1052 861 seu
1072 835 1255 862 nectareos
1270 831 1533 874 excipientem,

226 905 302 926 una
328 894 592 935 formantibus,
627 895 840 937 compositae.
873 893 984 939 Palpi
1015 895 1232 938 plerutrque
1267 900 1408 928 tantum
1441 897 1532 940 duo,

229 958 362 1002 capiti,
381 959 499 991 antice
520 965 555 991 et
582 958 724 990 inferne
742 983 750 998 ,
778 959 901 991 inserti
921 984 928 999 ,
946 959 1127 1001 squamati
1151 964 1214 990 aut
1237 958 1372 991 hirsuti
1387 960 1536 1003 ‚saepius

232 1022 359 1055 reflexi
378 1047 387 1062 ,
415 1022 609 1063 cylindrici
640 1022 698 1055 vel
734 1022 1072 1063 cylindrico-mmici
1094 1048 1102 1064 ‚
1130 1023 1341 1067 compressi,
1366 1023 1534 1056 articulis

230 1087 351 1120 tribus
379 1101 387 1128 3
416 1087 574 1119 secundo
615 1087 826 1129 frequenter
859 1088 994 1131 majore
1016 1093 1050 1120 et
1077 1087 1211 1120 ultimo
1244 1088 1387 1120 minore
1409 1086 1536 1132 3palpi

227 1151 348 1194 superi
373 1177 383 1190 ,
410 1162 494 1183 cuin
521 1151 675 1190 adsunt,
703 1150 882 1191 minimi,
918 1150 1234 1183 tuberculisormes
1251 1178 1260 1194 ‚
1289 1152 1356 1184 sub
1383 1151 1535 1195 clypeo,

229 1214 328 1246 inter
361 1214 483 1245 ocutos
515 1238 523 1255 ,
563 1212 706 1245 inserti.
743 1214 878 1257 Corpus
920 1213 1115 1257 oblongum
1141 1239 1150 1255 ,
1184 1214 1344 1257 squamis
1371 1239 1379 1256 ,
1416 1213 1536 1246 forma

228 1278 365 1318 variis,
393 1277 518 1320 saepius
550 1276 726 1320 trigonis,
754 1275 849 1308 infra
878 1276 1093 1320 pediculatis
1123 1284 1158 1310 et
1191 1277 1233 1310 ad
1271 1278 1409 1321 apicem
1445 1278 1536 1310 den-

225 1342 333 1382 tatis,
363 1342 470 1374 dense
501 1342 685 1374 vestitum.
732 1343 849 1385 Caput
883 1342 1129 1375 communiter
1156 1348 1288 1375 trunco
1319 1343 1535 1386 angustius,

229 1417 384 1449 parvum
400 1431 408 1445 ‚
429 1405 698 1448 subtrigonum.
723 1404 828 1436 Oculi
850 1405 1170 1448 subsemiglobosi,
1193 1406 1392 1440 reticulati.
1420 1405 1537 1440 Ocella*

230 1469 302 1502 duo
327 1469 477 1512 (saltem
506 1468 543 1500 in
576 1468 818 1512 nocturnis)·‚
850 1468 994 1510 singulo
1026 1480 1117 1512 pone
1143 1469 1289 1500 oculum
1321 1469 1535 1512 singulum,

231 1539 478 1565 antennarum
498 1532 632 1575 origini
649 1532 825 1575 proxime.
853 1533 1012 1565 Truncus
1029 1533 1244 1575 subovatus,
1271 1533 1314 1564 ab
1335 1533 1533 1566 abdomine

229 1596 376 1639 penitus
403 1582 580 1627 discret'us
611 1620 620 1637 ,
651 1595 722 1626 alas
747 1600 904 1637 quatuor
932 1600 967 1626 et
1002 1594 1108 1638 pedes
1140 1606 1199 1627 sex
1228 1605 1378 1638 gerelm,
1408 1595 1529 1628 tribus

229 1660 422 1703 segmentis
442 1660 652 1691 coadunatis
668 1685 678 1698 ,
701 1665 742 1691 ut
767 1660 804 1691 in
825 1660 1087 1704 lzymermpteris
1101 1675 1108 1702 3
1123 1661 1242 1693 antico
1265 1661 1508 1693 subdistinoto
1522 1685 1532 1703 ,

198 1739 202 1743 ·
230 1731 456 1764 transverso,
481 1725 641 1768 squamis
659 1751 667 1767 ,
688 1725 819 1757 collare
844 1725 903 1757 vel
917 1725 1091 1758 caesitinm
1113 1726 1376 1768 referentibus,
1394 1732 1533 1772 operto.

230 1789 319 1824 Alce
345 1796 503 1832 quatuor
517 1815 525 1831 ‚
546 1789 1016 1830 membramacen-nervosae‚
1034 1790 1214 1832 squamis,
1233 1790 1345 1823 forma
1371 1797 1405 1822 et
1419 1791 1537 1823 colore

232 1854 366 1895 variis,
399 1853 622 1891 imbricatis,
651 1853 846 1896 oppressis,
867 1853 1092 1886 densissimis
1108 1880 1116 1895 ‚
1142 1860 1262 1896 tectae,
1293 1866 1374 1887 raro
1394 1854 1538 1897 penitus

233 1925 297 1951 aut
331 1918 460 1962 partim
493 1919 597 1950 nudae
614 1944 622 1958 ,
647 1917 985 1962 circumscriptione
1014 1919 1186 1961 diversae,
1212 1920 1339 1963 saepius
1365 1919 1537 1962 trigonae,

233 1982 271 2013 in
294 1980 529 2024 lepidopteris
553 1980 697 2012 diurnis
719 1980 760 2011 ad
789 1981 1092 2024 perpendiculum
1113 1988 1257 2022 erectae,
1282 1982 1319 2014 in
1342 1982 1422 2014 aliis
1441 1981 1536 2014 hort-

232 2045 412 2084 mutatos,
439 2044 603 2086 distexere,
637 2044 859 2084 convolutae3
888 2045 1090 2088 superiores
1118 2045 1236 2088 tegula
1264 2056 1352 2090 saepe
1378 2056 1534 2089 magna;

232 2109 423 2142 inferiores
454 2109 599 2141 latiores
616 2135 624 2150 ‚
647 2109 689 2141 ad
723 2110 925 2151 marginem
959 2110 1146 2143 internum
1171 2111 1386 2153 plerumque
1412 2111 1537 2153 longi-

231 2179 391 2205 trorsum
423 2174 558 2216 plicatae
579 2199 587 2215 9
613 2175 650 2206 in
681 2175 722 2206 L.
756 2174 1037 2217 crepusculariis
1067 2180 1102 2206 et.
1132 2174 1323 2206 nocturnis
1355 2175 1396 2206 ad
1429 2174 1533 2206 basin

229 2235 407 2277 frenat-te,
439 2248 501 2268 seu
532 2238 737 2269 retinaculo
776 2237 847 2268 alas
877 2237 1079 2280 superiores
1112 2237 1292 2269 coercenti
1330 2237 1531 2281 instrustae5

229 2300 360 2333 harum
375 2306 410 2333 et
431 2301 536 2332 illan-u
546 2313 576 2332 m
598 2301 758 2343 margine
777 2301 911 2344 postico
930 2301 1156 2343 frequentius
1175 2301 1312 2333 ciliato.
1329 2301 1442 2334 Pedes
1459 2300 1536 2332 fin·-

231 2365 426 2406 ma'solita3
447 2365 545 2396 tibiae
565 2365 664 2408 apice
682 2365 915 2406 bicalca1·atae‚
935 2371 969 2396 et.
988 2365 1110 2397 lateris
1126 2365 1261 2397 interni
1281 2365 1443 2397 medium
1458 2376 1535 2398 ver-

230 2439 301 2468 sus,
321 2428 536 2471 plerumque
557 2427 883 2473 (Popilionidibus
895 2429 1072 2474 exceptis)
1088 2429 1189 2472 spina
1206 2429 1345 2473 gemina
1369 2434 1533 2470 armatae3

231 2493 319 2525 tarsi
342 2493 510 2527 omnium
536 2493 703 2527 articulis
728 2493 918 2540 quinque,
943 2494 1119 2539 integris,
1138 2494 1265 2541 saepius
1290 2493 1386 2528 infra
1406 2494 1534 2538 spino-

1421 2556 1530 2616 sutis,
