1635 2824
263 184 290 218 2
556 165 813 220 Insectcc.
856 165 1033 220 Ptero
1040 164 1245 220 dicem.

256 269 465 303 maxillares
483 270 609 303 crebro
625 272 728 304 valde
744 272 921 316 elongati,
940 274 1085 314 setacei,
1105 271 1273 317 penduli,
1299 270 1463 305 articulis
1487 280 1550 306 sex

254 334 495 377 autquinque
509 360 518 376 ,
532 335 666 378 forma,
683 336 933 378 magnitudine
961 337 1083 379 variis3
1106 336 1236 369 mediis
1255 336 1475 379 majoribus3
1494 336 1551 367 la-
1569 320 1571 322 >

250 395 366 428 biates
391 396 508 428 multo
526 397 728 437 breviores,
746 395 954 438 filiformes,
982 397 1146 429 articulis
1163 402 1319 439 quatuor
1338 402 1400 428 aut
1423 397 1550 437 tribus,

253 459 381 502 apicali
401 459 526 503 saepius
544 459 704 502 longiore
720 483 729 499 ,
761 464 911 491 externe
937 461 1067 503 rejecto
1092 468 1127 492 et
1151 471 1234 491 cum
1267 460 1549 503 praecedentibus

251 524 427 568 angulum
444 523 644 555 efficiente.
679 521 836 554 Labium
867 523 1182 556 membranaceum
1209 549 1217 565 ,
1248 523 1385 567 apicem
1423 534 1549 555 versus

250 588 384 620 sensim
413 586 699 625 subdilatatum,
724 585 810 616 hinc
836 585 1091 619 subcordatum
1108 613 1116 628 ‚
1146 588 1328 630 integrum
1351 587 1409 618 vel
1435 586 1548 629 magis

249 651 418 684 minusve
441 648 718 691 emarginatum.
752 649 917 680 Mantum
949 649 1150 683 coriaceum
1167 676 1175 691 ,
1201 651 1310 682 breve
1327 675 1335 691 ,
1360 649 1549 691 subcylin-

249 714 393 746 «hicum
414 738 422 754 ,
462 712 581 744 antice
615 711 875 754 longitrorsum
919 711 1190 746 subcarinatum
1222 720 1284 746 aut
1321 714 1519 745 convexius
1538 726 1548 754 ;

247 777 345 820 apice
363 777 470 819 paulo
485 775 613 808 latiore
627 800 636 818 ,
657 781 825 806 truncato
836 799 844 815 ,
860 774 1054 817 utrinque,
1069 776 1135 807 sub
1152 777 1339 821 palporum
1353 778 1545 811 labialium

248 840 406 883 origine,
422 839 466 871 ad
490 839 602 871 latera
618 863 626 880 ‚
645 838 884 881 emarginato.

297 905 431 948 Corpus
457 903 560 935 valde
585 903 795 945 elongatum
817 927 828 941 ,
859 901 1173 943 subcylindricum
1203 902 1263 935 vel
1291 903 1542 937 subfiliforme.

247 970 366 1014 Caput
394 968 607 1012 plerumque
637 967 1063 1010 compresso-trigonum,
1088 972 1332 999 transversum
1354 992 1363 1009 ,
1388 967 1545 1000 thoracis

246 1032 419 1076 segmenti
442 1028 593 1063 secundi
619 1031 815 1063 latitudine
838 1037 901 1063 aut
927 1030 991 1062 illo
1017 1030 1081 1062 vix
1109 1030 1319 1074 angustius,
1350 1031 1548 1073 verticale3

246 1096 361 1128 oculis
380 1095 540 1128 breviter
556 1094 721 1127 ovalibus
736 1119 746 1136 ,
770 1094 941 1137 integris3
972 1094 1094 1127 ocellis
1120 1094 1239 1126 tribus
1263 1093 1544 1136 approximatis,

246 1160 377 1193 vertici
402 1160 547 1192 insertis
562 1184 570 1201 ,
591 1159 630 1190 in
652 1159 877 1202 triangulum
893 1158 1074 1202 dispositis
1090 1174 1099 1202 3
1113 1169 1197 1190 naso
1213 1164 1415 1190 transverso
1431 1181 1441 1199 ,
1462 1157 1547 1190 bre-

245 1224 407 1256 vissimo.
431 1223 575 1256 Thorax
591 1229 774 1266 segmento
793 1223 914 1255 antico
940 1223 1014 1254 sive
1041 1222 1165 1254 collari
1194 1221 1409 1253 brevissimo
1430 1245 1440 1263 ,
1466 1229 1544 1263 seg—v

242 1296 411 1324 mentum
426 1300 577 1332 sequens
587 1288 777 1329 arcuatim,
793 1288 836 1320 ad
849 1288 989 1320 alarum
1002 1298 1213 1329 superarum
1227 1286 1405 1329 originem
1420 1294 1549 1327 usque,

242 1351 486 1394 marginante.
503 1349 739 1383 Metatlzorax
755 1354 939 1392 segmento
960 1349 1080 1380 antico
1101 1349 1140 1380 in
1165 1347 1359 1379 scutellum
1381 1346 1520 1378 elevato
1540 1359 1550 1388 3

245 1420 429 1458 segmento
447 1413 566 1445 medio
588 1412 762 1455 utrinque
782 1418 979 1444 transverse
1000 1412 1172 1455 impresso
1195 1417 1230 1443 et
1257 1410 1297 1442 in
1322 1420 1467 1442 crucem
1484 1408 1551 1441 de-

246 1482 425 1510 cussatam
444 1501 453 1515 ,
480 1461 720 1507 transversam
735 1501 744 1517 ,
770 1476 954 1509 efformato
975 1489 983 1518 3
1006 1476 1114 1508 tertio
1141 1475 1217 1507 sive
1240 1473 1370 1517 apicali
1391 1472 1528 1515 majore
1541 1496 1551 1513 ,

247 1542 375 1585 saepius
391 1540 525 1584 postice
541 1547 662 1573 retuso
679 1546 741 1572 aut
758 1540 892 1573 declivi
906 1564 916 1582 ‚
943 1550 1082 1583 rugoso.
1103 1539 1293 1573 Abdomen
1312 1535 1552 1570 metathoraci

236 1603 416 1648 pediculo
441 1601 614 1634 distincto
644 1613 830 1634 annexum
846 1628 854 1643 ‚
880 1614 966 1645 saepe
983 1602 1189 1645 elongatum
1206 1625 1215 1642 ‚
1241 1600 1357 1632 forma
1379 1598 1524 1630 varium
1541 1622 1551 1640 ,

248 1668 346 1701 infra
368 1666 576 1700 carinatum
593 1672 628 1698 et
647 1678 734 1710 saepe
751 1667 963 1708 biloculare,
978 1665 1033 1711 (in
1052 1665 1197 1698 feminis
1209 1663 1394 1709 plurimis,
1411 1661 1453 1694 ad
1470 1660 1554 1706 api..

251 1744 330 1766 cem
354 1733 481 1764 subtus
502 1731 739 1764 incrassatum
756 1756 764 1772 ,
789 1730 1216 1774 compresso-carinamm
1231 1754 1240 1771 ‚
1270 1729 1418 1772 oblique
1440 1735 1551 1762 trun-

253 1795 402 1842 catumr)
419 1794 610 1839 segmentis
624 1794 823 1827 dorsalibus
837 1795 1052 1838 plerumque
1064 1799 1215 1837 septem,
1232 1793 1350 1825 tribus
1363 1799 1426 1825 aut
1443 1794 1554 1826 unico

253 1867 399 1895 tantum
419 1860 460 1891 in
482 1858 696 1902 nonnullis3
715 1859 888 1891 oviductu
909 1869 1039 1891 corneo
1057 1858 1234 1900 trisetoso,
1248 1857 1436 1901 saepissime
1447 1858 1553 1901 longe

254 1924 430 1968 producto
448 1946 458 1963 ,
485 1934 503 1954 e
531 1919 762 1954 valvularum
787 1921 898 1964 apicis
923 1920 1034 1952 inferi
1060 1919 1264 1951 abdominis
1297 1919 1553 1962 dissepimento

255 1993 439 2030 exeunte3
472 1987 556 2019 setis
591 1986 847 2029 capium-ibus,
879 1985 1019 2017 duabus
1046 1984 1279 2024 lateralibus,
1307 1983 1553 2026 volubilibus,

253 2051 393 2083 villosis
406 2077 414 2092 ‚
435 2051 535 2084 intus
554 2050 822 2091 canaliculafis,
842 2050 998 2082 mediam
1010 2049 1235 2081 terebramve
1255 2048 1394 2090 proprie
1418 2047 1553 2081 dictam

255 2114 534 2157 vaginamibus,
560 2115 718 2153 xillosis,
744 2113 900 2155 obtusis;
931 2113 996 2145 hac
1013 2111 1292 2156 praecedentium
1308 2111 1554 2154 longitudine,

257 2176 370 2219 magis
384 2188 511 2208 cornea
521 2202 529 2218 ,
548 2176 733 2221 rigidiore,
743 2177 909 2208 brunnea
921 2181 985 2206 aut¹
996 2173 1210 2214 ruseseente,
1229 2173 1442 2214 cylindriea,
1455 2173 1554 2216 apice

257 2237 465 2269 acutissima
498 2243 534 2269 et
569 2237 765 2270 denticulis
795 2235 985 2270 nonnullis
1018 2235 1195 2267 instructa
1216 2259 1226 2276 ,
1258 2245 1277 2265 e
1302 2234 1386 2265 setis
1415 2234 1554 2266 duabus

261 2375 418 2408 maxillae
431 2375 604 2418 marginis
622 2375 761 2407 interni
784 2380 923 2419 partem
948 2373 1123 2406 efficiente
1141 2388 1149 2415 ;
1164 2374 1273 2405 latere
1291 2383 1418 2419 supero
1437 2379 1472 2408 et
1490 2373 1552 2407 cui

262 2439 468 2486 imponitur
483 2451 667 2488 processus
684 2439 842 2475 exterior
866 2440 907 2474 in
930 2450 1084 2474 acumen
1101 2438 1298 2473 desinente.
