1635 2824
230 184 253 219 1
265 164 335 220 88
521 163 776 219 Insania.
819 163 1212 220 Pleroclicera.

226 283 369 310 versus
389 270 539 310 sensim
556 271 772 311 crassiores
785 301 795 320 ‚
808 270 957 310 deinde
975 270 1216 325 graciliores
1230 301 1241 322 ,
1261 274 1525 326 acuminatae3

228 337 427 380 lateribus
444 341 621 380 internis
636 341 722 381 acie
739 355 809 380 seu
832 342 973 380 carina
998 340 1296 395 longitudinali
1317 341 1524 393 discretis,

233 419 462 451 transverse
487 412 640 451 striatis
665 428 676 462 3
713 410 825 449 striis
863 412 1140 465 quorumdam
1169 412 1352 452 barbatis
1380 411 1447 451 vel
1482 414 1530 453 in

235 479 402 520 dentem
430 479 655 534 elongatis)
677 488 748 519 aut.
772 479 1030 532 fusiformes,
1059 481 1105 522 in
1120 482 1262 536 paucis
1290 480 1340 520 ad
1370 481 1529 536 apicem

235 551 463 591 crassiores.

286 654 429 691 Eruea
451 651 629 703 pedibus
657 652 877 698 sexdecim,
898 652 1139 704 plerumque
1156 654 1360 692 subdialis
1373 669 1391 701 ;
1417 654 1533 692 modo

233 722 376 767 nuda,
419 723 553 759 antiee
598 729 836 772 attenuata,
875 722 937 760 ad
974 723 1103 760 latera
1142 722 1300 775 oblique
1335 725 1534 763 colorato-

234 791 403 836 striata,
417 792 569 842 postiae
584 792 829 838 incrassata,
854 794 1008 845 soepius
1031 807 1155 831 cornu
1179 792 1336 831 dor-sali
1359 796 1535 832 instrue-

235 869 279 899 ta
286 877 304 908 ;
337 862 453 900 modo
473 865 734 902 teretiuscula
746 894 759 912 ,
782 865 924 916 pilosa
941 873 1015 903 alet
1039 865 1209 902 hirsuta.
1236 866 1364 915 Papa
1390 864 1533 910 laevis,

235 931 305 970 his
347 934 392 971 in
421 941 525 972 terra
561 937 746 986 sepulta,
772 937 898 988 foliis
940 936 1227 989 quisquiliis-ve
1251 932 1538 981 circumnexa,

236 1001 321 1040 illis
335 1004 584 1055 folliculata
596 1021 613 1052 ;
631 1006 828 1057 jblliculo
853 1021 960 1045 nunc
986 1014 1146 1058 aperto,
1172 1006 1435 1058 homogeneo,
1448 1006 1541 1057 fla-

236 1070 352 1120 vido,
375 1072 540 1121 plantis
568 1075 697 1111 variis
727 1075 924 1126 alligato,
952 1089 1058 1112 nunc
1076 1076 1119 1112 in
1134 1074 1424 1126 vegetabilium
1440 1088 1541 1111 cau-

236 1139 344 1178 libus
372 1142 630 1181 raclicibusve
647 1145 864 1192 occultato,
895 1159 943 1181 ex
970 1145 1114 1183 horum
1135 1144 1422 1196 vegetabilium
1434 1158 1542 1194 par-

239 1211 348 1251 tibus
371 1213 495 1249 erosis
509 1241 521 1256 ‚
542 1214 801 1264 granulosis,
841 1215 1007 1268 ligatis,
1034 1215 1219 1268 consecto.
1252 1214 1298 1253 V
1292 1214 1428 1252 olatus
1449 1227 1541 1251 ma-

236 1280 415 1328 tutinus,
448 1283 716 1332 vespertinus.

295 1438 414 1491 Palpi
449 1438 524 1478 lati
562 1440 628 1479 vel
672 1440 806 1480 antice
835 1441 977 1494 longi-

243 1501 425 1532 ῐιοιεωῑι
454 1493 633 1546 depiessi
664 1495 873 1547 (squamis
890 1495 980 1533 bre-

244 1547 427 1585 vissimis
464 1556 505 1585 et
545 1548 862 1588 confertissimis
905 1548 980 1587 ob-

243 1599 335 1652 siti)
353 1600 520 1649 breves,
552 1616 596 1639 ai
602 1601 729 1640 ticulo
748 1602 870 1641 tertio
894 1602 980 1641 sive

243 1653 458 1693 terminali
482 1631 753 1703 h'revissimo,
784 1656 981 1695 tubercu-

243 1706 426 1756 liformi‚
448 1708 590 1760 saepius
608 1708 678 1747 vix
694 1708 979 1748 discernendo.

244 1764 448 1800 Antennae
487 1763 554 1800 his
594 1771 828 1801 extrorsum
869 1777 980 1802 cras-

244 1815 390 1863 siores,
407 1817 492 1853 illis
521 1815 979 1870 piismatico-clavatae,

243 1877 396 1908 rectae·
387 1868 548 1924 ‚apice
578 1884 623 1908 lu
657 1867 856 1910 omnibus
878 1869 981 1911 floc-
1088 1876 1295 1911 FAMILIA
1319 1876 1507 1912 TERTIA.

244 1922 350 1962 cido·
1136 1943 1458 1976 SPHINGIDES.

1184 2005 1410 2053 Sphingides.

299 2051 440 2088 Eruea
481 2051 687 2089 subdialis
711 2079 725 2096 ,
756 2051 983 2103 saepissime

244 2104 388 2150 nuda,
420 2107 553 2142 antice
577 2112 816 2150 attenuata,
830 2107 983 2156 postice

244 2159 479 2196 incrassata
505 2167 546 2195 et
574 2173 696 2196 cornu
725 2159 879 2196 dor-sali
899 2161 982 2196 ins-

245 2219 401 2257 tructa,
435 2213 496 2249 ad
526 2213 655 2250 latera
686 2211 847 2263 oblique
873 2213 981 2250 colo-

245 2267 514 2304 rato-striata.
555 2269 681 2316 Pupa
701 2265 826 2317 soliis
864 2267 980 2316 quis-

245 2320 436 2370 quiliisve
465 2321 651 2373 alligatis
683 2320 899 2363 involuta,
939 2320 983 2356 in

246 2379 352 2410 terra
384 2375 548 2425 sepulta
581 2382 655 2411 aut
683 2373 798 2410 humi
819 2376 981 2424 jacens.

246 2426 394 2480 Imago
418 2427 636 2467 abdomine
663 2430 819 2479 saepius
837 2427 984 2466 conico.
