1635 2824
268 160 407 218 Orcl.
446 163 620 219 VF.
643 166 807 232 IX.,
850 168 1205 245 Sphegimoe.
1296 180 1372 239 65

66 261 103 294 in
131 263 314 310 plerisque
335 269 620 314 hymenopteris.
641 270 690 306 3⁰.
716 273 912 309 Character
939 289 984 310 ex
1009 286 1255 318 antennarum
1279 289 1371 323 arti-

64 327 234 364 culorum
261 333 410 366 secundi
437 340 472 366 et
499 336 599 368 tertii
627 336 926 382 longitudinibus
963 345 1105 378 collatis
1136 347 1370 395 depromptus

66 390 197 426 debilis
224 401 259 428 et
291 396 392 440 parvi
430 400 611 432 momenti
649 401 792 446 (1).Si
825 405 986 452 Pompili
1024 410 1146 452 plures
1175 424 1371 457 aporornm

65 457 358 494 reticulationem
379 462 513 496 alarem
533 464 749 501 exhiberent
766 494 774 510 ,
800 475 888 503 tunc
914 469 1035 505 forsan
1051 499 1060 516 ,
1088 480 1372 520 opportunitatis

65 529 199 563 causa,
237 531 369 567 aporus
409 535 521 567 genus
563 526 708 561 admitti
743 537 885 575 posset;
929 534 1039 568 etiam
1079 548 1163 570 vero
1195 542 1371 578 sectiones

61 643 213 677 scientia
237 646 435 682 divisiones
463 653 645 694 genericas
666 666 746 699 quae
771 668 883 701 pauca
907 659 1097 696 dimovent
1120 669 1155 696 et
1174 676 1253 708 quae
1275 669 1372 702 notis

62 707 171 739 certis
188 709 395 754 insignibus
411 725 483 747 non
504 716 730 762 fundantur,
748 722 905 767 repellit.
923 724 1249 763 Observationibus
1265 733 1371 766 novis

61 770 174 805 dubia
196 786 276 808 mea
303 778 407 811 tollat
426 781 564 815 amicus
589 784 760 828 Spinola!

62 884 122 922 II.
158 886 350 928 Thoracis
367 901 617 944 segmentum
639 897 823 934 anticum
833 896 929 949 fire
955 906 1041 939 tam
1057 902 1224 955 longum
1247 922 1373 959 quam,

116 956 249 995 latam
279 969 355 998 aut
390 962 554 1015 longius
563 980 581 1011 ;
618 973 783 1004 truncus
809 967 1043 1022 quadruplo
1066 974 1133 1011 vel
1151 978 1370 1030 qziz'ntuplo

116 1025 275 1080 longior
293 1045 418 1082 quam
445 1032 581 1073 latior.

67 1142 98 1181 ιζ
126 1150 244 1194 Caput
257 1152 400 1196 postice
415 1159 821 1194 convexo-rotundatum
833 1174 851 1201 ;·
862 1161 972 1196 ocelli
985 1167 1245 1211 approximati.
1259 1170 1272 1216 (
1283 1173 1371 1206 Ana

396 1224 516 1254 tennae
545 1223 786 1258 masculorum
811 1225 1037 1276 elongatae.)

107 1311 234 1346 Salius
249 1312 408 1356 bicolor,
430 1316 518 1352 Fab.
534 1332 543 1362 ;
561 1320 675 1364 ejusd.
694 1322 867 1359 unicolor.

104 1409 354 1445 ANNOTATIO.
385 1414 506 1459 Hujus
537 1418 707 1451 sectionis
748 1421 884 1464 species
919 1424 1117 1459 nonnullas
1139 1439 1184 1460 ex
1212 1430 1369 1476 AEgypto

59 1474 187 1507 attulit
211 1475 308 1510 dom.
339 1479 520 1523 savigny,
550 1487 586 1514 et
612 1494 657 1515 ex
690 1484 764 1516 illis
796 1497 909 1519 unam
934 1499 1076 1522 mecum
1099 1492 1371 1530 benevolentis-

58 1536 148 1570 sime
175 1542 475 1576 communicavit.
497 1545 719 1580 Mandibulae
750 1549 920 1584 inermes.
951 1553 1028 1586 Alae
1059 1562 1101 1588 ut
1132 1557 1171 1590 in
1198 1562 1371 1604 pompilis

58 1601 397 1652 frequentioribus,
422 1609 582 1653 viatico,
604 1611 727 1657 fusco.
750 1614 892 1649 Salium
916 1616 1108 1653 bic-olorem
1132 1621 1284 1657 donavit
1310 1637 1369 1658 ce-

61 1664 277 1701 leberrimus
307 1669 469 1713 Paykull.

60 1776 94 1798 2.
120 1765 239 1812 Caput
261 1771 402 1814 postice
420 1770 575 1818 planum
593 1798 604 1813 ,
630 1776 792 1822 margine
825 1783 932 1811 acuto
947 1803 958 1818 ,
992 1780 1154 1816 thoracis
1188 1793 1370 1832 segmento

107 1831 231 1863 antico
261 1832 579 1879 subincumbente5
612 1837 720 1872 ocelli
745 1840 999 1882 minutissimi,
1027 1844 1123 1878 inter
1158 1858 1196 1879 se
1227 1851 1368 1884 remoti,

107 1891 122 1936 (
151 1892 259 1926 Oculi
276 1894 385 1928 valde
404 1895 579 1944 elongati.
605 1899 618 1945 )

62 1988 105 2022 A.
146 1991 232 2024 Tres
257 1992 390 2027 areoloe
425 1994 718 2043 submarginales
753 2005 787 2032 et
817 2000 1014 2048 perfectoe,·
1048 2010 1222 2041 antennoe
1249 2007 1369 2056 clypei

105 2056 305 2102 marginem
343 2059 508 2092 anticum
540 2059 638 2094 ultra
675 2066 690 2104 (
714 2062 780 2096 sub
809 2068 1011 2113 processu)
1040 2070 1188 2105 insertoe
1215 2087 1229 2113 ,-
1255 2080 1371 2120 caput

99 2116 261 2163 frontem
286 2133 408 2155 versus
431 2135 625 2158 convexum
639 2139 652 2165 ;
672 2125 797 2160 ocellis
821 2129 960 2165 duobus
972 2136 1168 2178 postremis
1186 2149 1210 2171 a
1233 2140 1371 2185 capitis

107 2185 268 2230 margine
283 2187 429 2232 postico
456 2189 694 2225 distantibus.

105 2279 296 2324 Pompilus
314 2283 449 2329 dispar.
469 2286 564 2321 Nob.
579 2302 587 2330 ;
603 2287 643 2320 in
662 2287 783 2322 Gallia
807 2290 981 2326 Australi.

55 2366 1365 2398 Ἢ

108 2410 162 2457 (1)
181 2415 345 2459 Aporum
369 2418 530 2460 possideo
563 2422 786 2456 mandibulis
806 2425 907 2459 intus
935 2428 1053 2461 solum
1080 2431 1306 2469 unidentatis
1330 2442 1367 2469 et

57 2482 303 2514 antennarum
323 2482 478 2516 articulo
496 2486 655 2519 secundo
676 2488 786 2522 tertio
811 2500 830 2522 e
852 2490 1008 2525 dimidio
1041 2493 1218 2531 breviore.

153 2541 238 2591 IV.
1102 2574 1137 2624 9
