1584 2814
458 176 515 223 et
557 165 940 240 Castiganda.
1236 167 1346 246 569

50 271 95 305 ad
113 272 250 317 apicem
274 273 512 317 quadrisetosi
525 298 534 315 ,
556 273 620 306 alii
643 284 728 306 vero
752 273 818 305 sub
839 272 953 305 oculis
975 271 1102 307 inserti
1125 280 1160 306 et
1180 275 1264 309 setis
1284 276 1352 309 tri..

53 337 122 370 bus
139 339 324 372 terminati
340 354 347 382 3
363 338 412 372 3⁰.
437 338 589 382 pedibus
604 338 746 370 duobus
763 337 894 370 amicis
909 338 1083 381 elongatis
1099 363 1108 379 ‚
1127 339 1350 382 incrassatis,

51 412 173 445 ungue
197 404 319 437 valido
343 409 378 436 et
402 410 547 436 arcuato
572 404 615 437 ad
635 404 775 447 apicem
797 403 984 436 instructis
1007 409 1043 435 et
1062 402 1176 436 forma
1195 406 1350 437 omnino

51 465 151 508 alii53
174 466 222 501 4⁰.
250 467 399 511 pedibus
424 468 613 500 nalatoriis
637 467 865 500 brevioribus
879 492 888 508 ,
907 467 1031 498 minus
1051 467 1255 511 explicitis3
1276 469 1353 511 pri-

52 530 123 562 mis
147 532 399 564 tantummodo
427 532 531 566 facile
560 531 831 572 discernendis,
856 531 991 563 caeteris
1019 541 1101 563 vero
1123 531 1325 575 subspuriis
1343 557 1353 574 ,

53 594 196 636 corpori
211 596 398 639 appressiS.

101 657 157 689 Ad
185 659 328 690 tertiam
366 659 617 692 vernaiionem
636 685 645 701 ‚
681 658 915 692 undecimam
950 659 1049 691 diem
1078 670 1227 700 versus,
1257 661 1354 693 remi

56 727 299 762 evanescnm5
321 721 427 765 pedes
443 721 515 754 duo
533 722 645 755 antici
659 721 901 754 cucurbitalas
919 719 1096 752 offerrunt
1110 746 1119 762 ,
1137 728 1173 754 at
1193 732 1353 766 unguem
1371 727 1376 730 “

55 786 168 829 apicis
192 787 366 820 retinent.
384 787 537 821 Exuviis
561 788 700 832 quartis
719 786 908 830 depositis,
922 786 1032 819 maris
1053 787 1223 830 genitalia
1240 788 1356 822 decla-

55 856 198 883 rantur.
216 851 418 884 Mutatione
441 852 552 885 altera
570 858 708 896 peracta
722 877 731 894 ‚
752 852 796 884 ad
813 851 1022 895 vigesimam
1045 853 1214 896 quintam
1234 854 1330 887 diem
1343 879 1355 897 ,

53 908 266 957 parentibus
284 915 421 958 simile,
446 922 481 948 at
505 917 612 960 paulo
632 916 755 949 minus
769 940 779 958 ‚
797 915 864 948 hoc
889 915 1154 949 animalculum
1173 918 1249 960 jam
1272 928 1353 963 pro—

48 983 156 1009 creat.

100 1039 260 1084 Argulus
289 1041 430 1074 Charon
453 1042 603 1075 Mulleri
624 1040 923 1088 Argulifoliacei
937 1042 1078 1075 domini
1095 1043 1224 1076 Jurine
1240 1043 1355 1076 larva.

101 1144 196 1192 Pag.
229 1146 285 1180 51.
314 1146 500 1191 Ocypodes
531 1149 635 1188 Ufa,
667 1147 890 1182 Tourlourou
908 1174 917 1190 ‚
944 1149 1121 1190 cordata,
1155 1149 1355 1182 sectionem

51 1211 273 1255 peculiarem
307 1212 522 1254 efforniaiit,
550 1219 585 1245 et
612 1218 698 1245 testa
732 1214 1126 1246 [runcato-subcordata
1146 1239 1154 1254 ‚
1183 1214 1225 1246 ad
1257 1225 1358 1246 mar—-

55 1276 176 1317 ginem
203 1277 366 1308 anticum
393 1277 568 1319 utrinque
590 1282 762 1315 arcuata,
786 1276 902 1308 oculis
929 1276 1182 1316 brevioribus,
1216 1277 1359 1310 fossulis

53 1339 135 1371 illos
156 1339 423 1383 excipientibus
444 1340 648 1373 minoribus
664 1346 699 1372 et
720 1340 763 1372 ad
788 1341 937 1383 angulos
961 1341 1125 1373 laterales
1150 1353 1263 1385 usque
1281 1353 1358 1375 non

54 1405 257 1448 productis,
286 1406 509 1440 distinctam.
535 1407 577 1438 In
595 1406 763 1451 Ocypode
780 1406 1092 1451 ceratoplztlzalma
1112 1407 1264 1451 aliisque
1288 1407 1361 1439 affi-

54 1469 164 1501 nibus
186 1476 274 1503 tesla
295 1471 557 1514 subrhombea,
580 1471 698 1503 aulice
721 1477 1076 1514 recto-transversam
1097 1473 1193 1505 oculi
1217 1479 1253 1506 et
1280 1472 1358 1505 fos-

54 1536 139 1568 sulae
178 1536 218 1568 in
252 1535 388 1579 quibus
423 1542 653 1579 reponuntur
689 1535 791 1567 illius
827 1536 978 1579 angulos
1020 1536 1187 1568 laterales
1237 1536 1356 1568 attin-

54 1603 190 1644 gentes.

100 1697 199 1741 Pag.
220 1694 278 1729 45.
302 1693 429 1728 Genus
452 1695 645 1728 ΒΑΝΙΝΛ.

101 1766 334 1800 Charaeteres
359 1768 409 1800 ita
431 1767 638 1812 exponendi
657 1780 667 1801 ε
689 1767 804 1801 Pedes
829 1777 976 1806 omnes,
996 1765 1154 1800 brachiis
1175 1764 1332 1809 exceptis
1347 1789 1360 1808 ,

55 1831 254 1873 naiatorii5
283 1831 385 1875 paria
419 1831 492 1863 duo
522 1832 605 1864 aliis
638 1831 780 1864 duobus
809 1831 1033 1877 superposita
1051 1845 1059 1873 3
1077 1841 1205 1862 manus
1233 1828 1358 1861 obtri-

54 1906 172 1939 gonae,
199 1908 262 1928 seu
287 1897 332 1929 ab
362 1897 503 1940 origine
532 1897 576 1929 ad
604 1896 743 1940 apicem
770 1897 903 1929 sensim
931 1896 1098 1934 latiores,
1127 1904 1359 1937 compressae3

55 1961 180 2004 digitis
195 1967 398 1995 transverse
423 1962 592 2004 directis5
615 1962 746 2006 pollice
767 1962 882 2006 digito
903 1962 1016 1994 altero
1035 1960 1152 1993 mullo
1174 1959 1358 2003 longiore;

55 2026 122 2059 hoc
149 2026 223 2059 fere
245 2033 389 2061 tantum
408 2027 634 2061 dentiformi.

105 2120 200 2169 Pag.
228 2122 282 2156 56.
314 2122 512 2156 Phronima
529 2122 736 2156 sedentaria
761 2122 802 2155 in
830 2122 918 2155 actis
946 2121 1042 2155 Hist.
1068 2126 1143 2154 nat.
1173 2117 1357 2152 Hafnien‘

58 2186 178 2230 sibus,
197 2180 393 2231 ¹descripta.

104 2287 203 2330 Pag.
230 2297 287 2330 77.
314 2285 440 2318 Genus
460 2286 708 2320 SCUTIGERA.

108 2348 291 2380 Cermatia
308 2347 443 2391 Illiger.

106 2411 208 2445 Ibid.
235 2412 424 2457 Scutigera
447 2412 671 2445 araneoides.

109 2484 389 2528 Scolopendram
416 2484 679 2532 coleoptratam
701 2483 846 2518 Linnaei
872 2482 1103 2525 Fabriciique
1133 2492 1153 2513 a
1177 2481 1362 2525 Scutigera

160 2547 244 2594 IV·
1071 2554 1135 2605 47
