1635 2824
258 187 330 259 74
551 185 806 264 Insecta.
850 181 1239 238 Pterodicera.

297 289 462 324 Habitus
477 289 665 333 Lyropum
689 295 752 321 aut
774 289 891 332 potius
909 290 1131 322 Astatarum.
1149 290 1267 333 Caput
1287 292 1545 331 transversum,

247 355 366 388 oculis
386 355 535 398 integris
550 380 559 397 ‚
578 355 718 398 maguis
732 379 740 393 ,
765 353 898 396 postice
915 354 1216 400 convergenlibus
1240 378 1251 396 5
1280 352 1385 385 valde
1413 363 1547 397 appro-
1589 393 1591 395 5

247 418 398 452 ximatis
415 434 424 461 3
442 418 564 451 ocellis
579 418 692 461 spatio
710 417 902 459 interjecto
919 423 955 450 et
974 418 1108 461 postico
1138 417 1283 450 insertis
1304 432 1312 459 3
1339 417 1459 450 antico
1486 429 1547 450 re-

247 490 346 519 moto
363 509 372 526 ,
394 484 512 516 multo
531 483 685 525 majore,
702 480 905 513 orbiculato
918 496 927 523 3
941 481 1081 514 duobus
1104 482 1248 526 posticis
1270 481 1550 525 approximatis,
1592 520 1596 524 ι

245 545 367 591 parvis
381 571 390 586 5
415 543 589 575 ovalibus.
615 541 853 576 Metatlzorax
875 541 1009 575 brevis.
1039 542 1228 576 Abdomen
1254 543 1423 574 conicum
1438 567 1448 584 5
1471 542 1548 574 basi

246 611 366 643 antice
386 613 619 648 truncatum,
650 606 720 638 late
739 611 954 637 excavatum
970 631 981 646 ‚
1008 605 1047 637 in
1069 606 1267 648 masculis(
1283 606 1446 652 feminas
1474 617 1547 638 non

247 674 326 707 vidi
342 674 354 718 )
372 674 569 704 incurvum
585 685 594 713 3
611 670 785 702 incisuris
804 668 1014 713 profundis,
1035 679 1102 700 ano
1124 669 1274 703 furcam.
1289 670 1403 703 Pedes
1415 669 1547 711 validi,

247 734 397 779 spinosi.
426 732 514 766 Alce
545 742 681 775 superae
702 731 818 762 [ribus
848 730 978 762 areolis
1011 729 1268 763 discoidalibus
1297 738 1333 763 et
1361 731 1547 775 perfectis3

247 801 367 834 areola
386 798 577 842 marginali
604 797 789 839 conclusa,
815 797 1053 840 appendicea3
1077 797 1120 828 ab
1136 797 1235 839 apice
1261 797 1384 830 dissita
1402 814 1411 841 3
1432 799 1550 831 tribus

245 862 376 895 areolis
409 859 741 903 submarginalibus
777 865 812 890 et
840 857 1030 901 perfectis3
1064 858 1222 890 secunda
1253 858 1390 901 trigona
1412 885 1422 902 5
1462 860 1549 891 sub-

244 924 417 968 petiolata
432 948 440 964 ‚
469 933 597 955 nervos
623 922 712 954 duos
744 927 969 954 recurrentes
990 920 1192 963 excipiente
1208 934 1217 962 3
1232 921 1339 952 tertia
1356 922 1549 964 quadrata,

245 987 378 1030 angulo
405 991 555 1017 externo
588 990 624 1016 et
648 984 783 1028 postico
806 990 927 1017 retuso
951 997 961 1027 3
991 983 1106 1016 limbo
1136 983 1272 1028 postico
1301 984 1375 1019 late
1399 984 1546 1027 enervi,

247 1051 380 1084 areolis
395 1049 521 1082 nullis.

293 1146 455 1180 Palarus
470 1144 655 1190 flavipes,
681 1146 809 1177 LATR.
836 1145 961 1177 Gener.
985 1144 1103 1177 Crust.
1130 1150 1165 1176 et
1188 1146 1321 1178 Insecl.
1343 1142 1470 1187 ‚ttoni
1506 1156 1517 1178 1
1538 1173 1548 1190 5

246 1211 326 1245 tab.
351 1210 474 1248 XIV,
493 1210 565 1255 fig.
587 1219 601 1240 1
629 1233 638 1249 ‚
663 1219 738 1240 mas
762 1223 770 1250 3
795 1207 1022 1242 Philantlzus
1047 1208 1235 1253 flavipes,
1260 1208 1347 1240 Fab.
1370 1225 1380 1252 3
1409 1210 1549 1242 Genius

236 1275 402 1320 flavipes
417 1299 428 1312 ,
454 1274 551 1305 JUR.
567 1297 576 1315 5
602 1271 757 1315 Hyme'n.
774 1296 785 1310 ,
812 1270 868 1316 pl.
892 1281 934 1303 10
948 1296 957 1313 5
977 1283 1014 1316 g.
1034 1271 1101 1311 24,
1120 1282 1195 1303 mas
1215 1284 1224 1313 3
1241 1273 1374 1304 ΡΑΝΖ.
1390 1297 1401 1314 ,
1425 1273 1543 1305 Faun.

247 1341 380 1373 Insect.
400 1339 518 1370 Germ.
534 1363 544 1379 ‚
561 1336 662 1382 fasc.
679 1336 749 1377 84,
771 1336 850 1369 tab.
874 1336 941 1376 24,
958 1347 1053 1378 mas3
1078 1335 1212 1368 Crabro
1227 1336 1411 1380 βανίμεε,
1425 1336 1549 1383 Rossi3

245 1404 425 1444 CoQUEB.
444 1427 455 1445 ‚
486 1400 609 1434 Illust.
633 1401 724 1434 icon.
755 1401 881 1434 insect.
898 1425 909 1444 ,
932 1400 1004 1433 dec.
1028 1411 1048 1433 2
1064 1425 1074 1442 ‚
1102 1399 1180 1432 tab.
1209 1400 1273 1439 13,
1291 1400 1363 1444 fig.
1396 1411 1428 1432 ι.

353 1531 436 1570 III
437 1560 446 1569 .
475 1529 746 1569 Mandibuloe
771 1528 896 1566 latere
926 1527 1054 1580 insero
1081 1541 1162 1565 non
1188 1528 1451 1580 emarginato.
1491 1548 1493 1551 ·

253 1669 285 1691 ι.
305 1656 490 1691 Antennae
511 1653 666 1687 omnium
687 1652 820 1698 capitis
831 1650 952 1698 faciei
970 1649 1035 1684 sul)
1059 1650 1172 1683 medio
1201 1649 1347 1683 insertoe
1366 1675 1376 1691 ‚
1398 1661 1470 1683 non
1485 1662 1554 1696 ge-

297 1719 476 1754 niculatae
507 1723 540 1751 et
562 1716 784 1762 filzformes,
802 1712 881 1748 ³aut
903 1713 1126 1761 geniculatae
1156 1719 1190 1745 et
1222 1719 1308 1746 tunc
1335 1713 1467 1746 sensim
1491 1725 1551 1746 ex—

295 1788 450 1815 trorsum
474 1779 662 1812 crassiores
692 1777 880 1824 capiteque
908 1778 972 1810 vix
997 1775 1198 1821 longiores,
1219 1773 1424 1808 convolutae
1446 1789 1460 1814 ;
1492 1773 1549 1808 la-

299 1846 400 1879 bium
421 1844 471 1877 ad
487 1843 625 1888 apicem
643 1841 841 1874 dilatatum
854 1866 863 1883 ‚
887 1841 1065 1887 integrum
1077 1851 1253 1884 parumve
1268 1839 1550 1884 emarginatum,

300 1908 450 1943 laciniis
469 1905 685 1940 lateralibus
713 1904 826 1938 nullis
848 1903 907 1937 vel
930 1904 1101 1937 minimis.

241 2011 257 2050 (
281 2004 512 2040 Mandibuloe
546 2008 758 2048 angustata·
775 2027 783 2043 ‚
808 1999 984 2034 edentuloe
1016 2005 1082 2033 aut
1107 1999 1210 2044 apice
1236 1999 1421 2032 bidentato
1436 2013 1450 2039 ;
1485 2011 1553 2032 ca·-

295 2075 367 2117 Put
394 2059 522 2110 breve,
555 2067 670 2100 latum
688 2091 698 2108 ,
717 2078 813 2111 pone
840 2064 962 2098 oculos
978 2065 1120 2097 minime
1137 2068 1202 2095 aut
1226 2062 1288 2095 vix
1310 2063 1555 2107 productum,-

300 2133 398 2166 oculi
423 2131 619 2177 elongati,
643 2131 681 2162 in
702 2127 871 2174 pluribus
912 2129 1049 2160 interne
1084 2125 1304 2171 emarginati
1330 2140 1343 2165 ‚-
1378 2125 1552 2157 abdomen

300 2198 359 2232 his
379 2197 562 2237 conicum,
587 2195 663 2226 illis
682 2193 868 2239 gradatim
894 2198 929 2224 et
961 2191 1066 2236 longe
1085 2189 1335 2236 pecliculatum
1357 2204 1370 2229 ‚-
1394 2189 1467 2222 aloe
1493 2201 1555 2222 su-

293 2274 395 2308 peroe
420 2259 480 2294 vel
503 2259 619 2292 tribus
648 2256 781 2290 areolis
812 2254 1144 2301 submarginalibus
1176 2259 1212 2285 et
1238 2251 1434 2298 perfectis,
1462 2266 1553 2299 qua·-

302 2340 381 2361 rum
403 2325 558 2359 secunda
567 2322 771 2370 petiolata‚
792 2320 852 2356 vel
867 2322 976 2356 unica
999 2319 1125 2355 areola
1152 2317 1418 2364 submarginali
1435 2324 1469 2351 et
1486 2319 1554 2351 im-

296 2390 472 2437 perfida.
497 2393 511 2431 )

255 2488 300 2521 A.
326 2489 512 2523 Antennoe
531 2483 754 2535 filzformes,
777 2483 899 2532 capite
925 2481 1039 2521 multo
1076 2481 1283 2530 longiora,
1312 2490 1376 2516 nec
1397 2477 1551 2527 genicu-
