1635 2824
124 172 263 230 Orci.
289 175 335 229 I
335 173 409 230 77.
433 174 610 227 Fam.
634 169 741 226 IV
746 211 787 233 .,
814 167 1220 222 Hemerobini.
1265 167 1369 222 205

74 279 153 312 latae
169 307 177 322 ,
194 280 467 313 horizontaliter
481 276 669 310 abdomini
686 274 952 308 incumbentes.
971 271 1160 305 Abdomen
1186 271 1372 316 elongato-

76 345 295 389 quadratum
309 370 319 386 ,
337 353 446 387 supra
469 342 621 386 planum
635 366 645 382 ‚
671 339 804 384 postiee
827 337 1064 371 rotundatum
1096 342 1159 368 aut
1188 341 1373 377 retusum,

76 409 269 452 segmentis
287 405 654 440 lineari-transversis
671 420 679 446 5
700 403 896 448 appendice
913 401 1147 442 brevissima,
1165 400 1375 443 styliformi,

77 476 202 508 conica
219 499 227 515 ‚
258 471 487 505 biarticulata
503 496 512 512 ,
537 480 582 502 ex
611 474 768 512 utroque
791 468 904 500 latere
920 492 929 508 ,
952 476 1064 498 anum
1091 476 1228 497 versus.
1262 465 1378 497 Pedes

79 539 230 579 breves3
247 536 349 569 tibiis
362 533 594 577 cylindricis‚
613 532 806 576 elongatis,
823 530 1019 575 gracilibus
1035 555 1044 572 ‚
1065 528 1221 573 spinulis
1237 527 1379 561 duabus

78 604 240 637 tribusve
264 601 308 633 ad
336 600 488 644 apicem.

125 668 273 700 Insecta
301 676 364 709 per
394 663 574 707 myriades
601 662 764 694 infinitas
793 659 977 692 societates
1003 657 1170 691 ineuntia
1189 682 1198 698 ,
1223 655 1379 696 Africae,

77 731 270 765 Indiarum
285 740 428 763 summa
444 729 628 761 calamitas
643 753 652 770 ,
677 726 912 759 formicarum
930 722 1238 756 destructionibus
1256 719 1380 753 omni-

84 793 201 826 modis
214 792 451 825 aemulatores.

130 867 217 899 Mas
241 870 276 896 et
294 863 439 909 femina
464 862 572 903 alati,
601 857 982 903 similes3posterioris
1000 857 1116 889 solum
1133 883 1142 899 ‚
1168 856 1383 900 gravitatio-

38 929 40 931 ’
84 930 142 962 nis
164 935 342 972 tempore,
362 927 538 959 abdomen
557 935 710 957 ovorum
726 933 881 955 nurnero
901 921 1104 953 maximum
1118 946 1126 962 ‚
1146 920 1249 952 valde
1267 919 1385 963 turgi-

86 995 198 1035 dum5
223 993 285 1024 alae
314 991 483 1024 deciduae.

133 1059 268 1090 Larvoe
299 1061 427 1098 apterae
446 1075 455 1091 ,
480 1051 632 1096 imagini
655 1051 728 1083 fere
755 1050 892 1082 similes
912 1075 920 1091 ,
946 1048 1062 1093 capite
1087 1048 1224 1091 majore
1242 1072 1250 1088 ‚
1274 1045 1388 1078 oculis

87 1120 282 1162 ocellisque
314 1118 530 1161 plerumque
555 1115 670 1147 nullis
698 1120 759 1145 aut
790 1112 984 1153 obsoletis3
1016 1111 1160 1143 thorace
1192 1108 1384 1152 segmentis

88 1183 207 1216 tribus
235 1180 346 1213 nudis
365 1195 373 1222 5
394 1190 542 1222 corpore
567 1177 729 1210 molliori
749 1191 758 1218 5
784 1176 837 1208 hae
863 1176 941 1208 solae
971 1173 1164 1218 operariae,
1185 1171 1387 1204 habitatio-

87 1257 150 1279 nes
164 1251 226 1276 aut
243 1244 348 1276 nidos
366 1242 482 1275 forma
505 1242 623 1274 varios
639 1267 648 1283 ‚
676 1241 819 1273 conicos
835 1267 844 1283 ‚
868 1239 1020 1271 turritos
1041 1264 1050 1280 ,
1078 1236 1297 1280 cylindricos
1324 1246 1388 1267 oa-

86 1309 276 1353 pituloque
303 1313 444 1351 opertos
461 1332 469 1346 ,
491 1307 651 1350 globosos
665 1331 674 1347 ‚
693 1306 792 1337 intus
821 1304 991 1336 daedaleos
1007 1328 1016 1344 ,
1041 1314 1086 1335 ex
1116 1312 1224 1334 arena
1242 1327 1250 1342 ‚
1279 1310 1388 1343 vege-

87 1374 258 1419 tabilium
276 1399 284 1415 ,
314 1373 595 1406 domesticarum
620 1370 901 1414 supellectilium
931 1367 1121 1400 moleculis
1146 1364 1389 1410 agglutinati5‚

87 1443 292 1479 struentes3
314 1437 355 1469 in
384 1441 507 1479 operto
533 1445 672 1478 semper
696 1434 924 1475 laborantes,
948 1431 1138 1464 cuniculos
1160 1441 1224 1473 pro
1247 1429 1317 1461 viis
1346 1428 1390 1461 ad

92 1502 357 1535 habitationem
395 1499 614 1532 ducentibus
659 1505 801 1542 agentes
828 1524 838 1540 ,
887 1509 1080 1541 corporum
1121 1497 1390 1528 destructorum

88 1566 276 1610 superficie
291 1566 364 1597 sola
379 1563 503 1597 relicta
514 1590 523 1605 ‚
540 1564 692 1608 proinde
707 1563 820 1607 magis
834 1562 1044 1608 perniciosae
1057 1576 1064 1603 5
1078 1560 1209 1593 sobolis
1228 1570 1393 1604 procrea-

91 1630 231 1663 tionem
261 1636 297 1662 et
319 1641 385 1661 ova
412 1634 555 1661 curant.

141 1703 260 1746 Pupoe
290 1701 401 1733 larvis
429 1700 588 1742 similes,
614 1706 649 1732 at
675 1699 802 1742 elytris
831 1699 969 1743 alisque
1000 1698 1213 1732 dimidiatis.

143 1773 318 1804 Neutrum
333 1770 345 1814 (
359 1772 475 1814 Pupoe
490 1770 650 1802 Fabricii
665 1774 677 1811 )
694 1770 804 1802 larvis
816 1769 976 1802 formum
988 1770 1196 1813 proximum
1207 1794 1215 1810 ‚
1234 1775 1268 1801 at
1280 1768 1394 1812 capite

92 1834 167 1868 fere
203 1834 314 1877 duplo
337 1834 499 1877 longiore
516 1859 524 1875 ‚
548 1833 819 1875 subcylindrico
850 1834 909 1865 vel
939 1834 1254 1876 elongato-ovat03
1288 1842 1396 1862 man—-

93 1896 231 1928 dibulis
255 1896 390 1939 pariter
407 1895 524 1927 multo
540 1895 786 1938 longioribus,
805 1895 849 1927 ad
864 1896 1001 1938 apicem
1016 1893 1398 1937 elongato-uncinatis,

97 1961 231 2002 acutis,
253 1960 423 1992 cruciatis
445 1974 453 2001 5
480 1960 592 1992 latere
613 1959 779 2000 interno,
798 1959 986 1993 bidentato
1003 1974 1010 2001 5
1027 1959 1197 1991 dentibus
1210 1958 1396 1996 brevibus,

91 2025 174 2057 latis
191 2051 200 2066 ,
224 2024 403 2056 truncatis
423 2030 486 2057 aut
505 2024 643 2056 obtusis
659 2050 667 2066 ‚
694 2024 1007 2068 subemargiuatis.

144 2096 331 2129 Societatis
352 2096 412 2129 hic
432 2097 519 2129 ordo
537 2097 723 2130 larvarum
751 2098 826 2129 sive
854 2098 1105 2141 operariorum
1131 2097 1259 2129 ordine
1277 2097 1400 2129 minus

98 2161 293 2193 admodum
321 2163 483 2205 copiosus
509 2177 518 2205 5
547 2163 711 2195 militant
736 2169 883 2196 tantum
909 2169 944 2195 et
969 2163 1131 2206 periculo
1156 2162 1374 2195 imminente
1391 2188 1399 2202 ‚

99 2224 217 2267 primo
244 2232 444 2258 occurrunt
461 2252 470 2268 ,
502 2226 642 2258 hostem
659 2226 883 2259 mandibulis
902 2226 1073 2259 forficatis
1100 2233 1268 2270 pungunt
1290 2233 1325 2258 et
1352 2227 1400 2258 sie

96 2287 276 2321 familiam
303 2291 401 2322 tueri
430 2297 619 2323 conantur.
648 2291 700 2323 De
731 2291 894 2323 Termite
922 2290 1083 2336 lacifiaego
1115 2291 1273 2333 plurima
1303 2290 1398 2331 vidi5

96 2351 321 2383 insectorum
356 2353 505 2386 illorum
552 2356 752 2387 oeconomia
799 2366 873 2387 non
912 2361 1033 2387 tamen
1077 2355 1161 2387 satis
1204 2355 1400 2397 explorata.

98 2415 217 2457 Pupoe
255 2425 346 2446 verae
379 2427 397 2447 a
437 2417 541 2449 nullo
571 2418 794 2460 observatae3
826 2430 894 2451 nec
929 2419 1029 2450 enim
1066 2418 1117 2450 ita
1148 2417 1222 2450 diei
1254 2422 1402 2460 possunt

99 2484 230 2511 neutra
245 2502 254 2522 ,
273 2490 356 2511 cum
379 2479 420 2511 ab
448 2480 605 2524 imagine
625 2481 782 2525 perfecto
797 2482 924 2526 capitis
939 2481 1054 2515 forma
1078 2487 1150 2514 toto
1165 2481 1252 2513 coelo
1267 2480 1398 2513 distent
