1635 2824
247 166 353 220 214
545 169 797 224 Insecta.
839 171 1234 227 Pteroclz'cera.
1511 217 1525 221 -

246 273 575 316 quadriarticulati.
596 279 714 322 Caput
731 277 827 311 infra
847 279 996 312 definite
1022 287 1235 314 excavatum
1260 280 1377 327 (gula
1399 281 1514 325 Kirby
1533 282 1544 326 J

246 349 312 382 pro
337 341 572 376 maxillarum
612 344 773 387 labiique
810 345 1009 379 insertione
1043 361 1052 388 3
1098 347 1254 380 maxillae
1296 352 1332 379 et
1364 347 1503 380 labium
1528 372 1537 388 ,

249 413 378 446 genere
415 407 560 439 Uroceri
590 414 737 450 excepto
756 433 764 448 ,
801 408 1011 452 ligamentis
1056 411 1237 445 distinctis
1268 411 1282 458 (
1309 412 1542 445 maxillarum

249 466 324 500 sive
353 468 472 512 Kirby
497 470 728 503 valvularum
752 472 840 504 loris
869 479 904 505 et
936 473 1024 507 labii
1051 475 1200 522 fulcro)
1233 477 1343 520 capiti
1375 487 1515 509 annexa
1535 503 1544 518 ,

249 533 418 576 parallele
445 540 614 575 extensa,
646 534 690 567 ad
718 536 895 578 angulum
919 539 1092 572 verticale
1108 565 1118 582 ,
1141 540 1245 584 (non
1270 540 1545 573 horizontalitex·

250 600 286 626 et
318 595 478 627 exterius
507 601 548 627 ut
577 595 617 629 in
648 596 897 642 Orthopteris,
930 600 1192 646 Nevropteris)
1224 602 1321 635 ultra
1350 602 1547 645 ligamenta

249 658 463 701 geniculata.
506 656 678 693 Maxilloe
705 686 714 703 ‚
763 662 909 695 Uroceri
946 672 1074 706 genere
1112 671 1260 710 excepto
1287 691 1296 707 ,
1338 665 1507 697 coriaceae
1531 690 1540 706 ‚

251 719 526 753 valvuliformes
555 746 564 763 ‚
599 722 716 756 menti
748 723 883 756 labiive
923 724 1005 756 tubi
1045 726 1220 769 vaginalis
1250 727 1363 760 latera
1391 726 1548 770 amplec-

252 791 370 818 tentes
387 791 451 819 aut
465 786 670 822 fulcientes,
697 788 854 822 Labium
883 790 1203 823 membranaceum
1219 816 1228 832 ‚
1255 792 1381 836 saepius
1408 793 1552 835 elonga-

251 854 331 881 tum
348 874 358 890 ,
382 849 497 882 forma
526 851 672 885 varium
692 875 702 894 ,
727 852 766 885 in
793 852 921 885 multis
949 853 1115 886 trifidum
1131 879 1140 895 ‚
1164 854 1240 886 illis
1259 855 1474 898 plerumque
1504 854 1545 886 ad

254 913 393 957 apicem
419 914 612 948 dilatatum
629 941 638 957 ‚
664 916 720 950 his
748 916 886 950 lineare
908 917 967 950 vel
994 917 1032 950 in
1064 924 1177 950 setam
1204 918 1422 961 productum
1439 944 1447 960 ‚
1470 919 1549 951 lin-

246 976 453 1020 guiforme3
477 979 578 1024 apice
598 979 639 1012 in
665 980 843 1014 aculeatis
858 992 945 1025 saepe
960 981 1094 1014 reflexo
1121 986 1183 1013 aut
1206 980 1353 1013 inflexo.
1372 984 1549 1023 Mentum,

256 1042 405 1077 Urocen?
431 1053 558 1086 genere
584 1051 732 1089 excepto
751 1071 760 1088 ‚
791 1046 1004 1079 tubulosum
1035 1071 1044 1087 ‚
1078 1045 1282 1078 coriaceum
1299 1070 1308 1087 ‚
1341 1045 1551 1088 semicylin—

252 1104 396 1139 dricum
417 1113 478 1140 aut
503 1108 787 1143 subobconicum
804 1125 813 1154 3
833 1111 931 1155 apice
957 1111 1085 1144 latiore
1101 1136 1109 1152 ,
1142 1110 1263 1144 medio
1290 1121 1433 1143 summo
1463 1122 1550 1154 saepe

254 1170 481 1206 unidentato.

304 1252 437 1296 Corpus
456 1252 663 1297 elongatum
680 1280 688 1297 ‚
704 1256 920 1300 plerumque
946 1256 1274 1300 subcylindricum.
1296 1257 1413 1301 Caput
1439 1255 1550 1297 trigo-

255 1322 348 1346 num
373 1315 432 1349 vel
457 1324 826 1360 compresso-ovatum
844 1345 852 1360 ‚
876 1319 1048 1352 verticale
1071 1335 1079 1362 3
1107 1319 1222 1351 oculis
1248 1318 1388 1350 duobus
1411 1317 1550 1355 ovantis,

255 1376 464 1411 lateralibus
479 1394 487 1422 3
517 1380 731 1425 plerumque
751 1383 872 1415 ocellis
900 1383 1039 1437 tribusQ
1073 1382 1201 1426 capitis
1235 1380 1367 1414 vertici
1396 1379 1553 1412 insertis.

259 1441 406 1474 Thorax
429 1443 599 1486 (truncus
613 1471 622 1488 ‚
640 1446 758 1488 Kirby
776 1446 788 1490 )
815 1439 1108 1488 subcssdindricus
1136 1452 1198 1478 aut
1226 1445 1443 1485 subovatus3
1477 1453 1555 1485 seg-

255 1504 388 1536 mentis
413 1505 530 1539 tribus
549 1513 642 1540 arcte
663 1510 837 1541 connexis
852 1535 860 1550 ,
883 1509 1030 1553 posticis
1045 1509 1186 1541 duobus
1203 1509 1420 1552 praesertim5
1435 1506 1555 1539 antico

256 1565 271 1610 (
286 1566 437 1609 collare,
455 1569 570 1612 Kirby
585 1574 597 1612 )
612 1571 826 1604 brevissimo
841 1598 850 1614 ‚
880 1579 1082 1604 transverso
1099 1587 1107 1614 3
1136 1572 1244 1604 tertio
1271 1572 1282 1615 (
1297 1570 1523 1605 metatlzorax
1541 1594 1550 1609 ‚

259 1630 400 1676 Kirby)
427 1633 559 1665 declivi
584 1640 646 1666 aut
667 1635 797 1678 postice
816 1641 1003 1677 truncato,
1033 1636 1227 1667 scutellum
1245 1634 1388 1678 proprie
1416 1628 1555 1665 dicium

257 1700 294 1726 et
312 1703 494 1739 segmento
510 1699 666 1731 secundo
680 1699 842 1742 (thorax,
855 1698 987 1744 Kirby)
1003 1698 1151 1731 affixum
1162 1724 1170 1740 ,
1187 1703 1450 1742 supertegente.
1466 1695 1554 1730 ,Alae

260 1759 301 1793 in
320 1761 499 1804 plerisque
530 1762 803 1796 horizonlaliter
831 1764 934 1796 dorso
960 1763 1241 1804 incumbentes3
1275 1762 1335 1794 alae
1354 1762 1557 1805 superiores

261 1826 449 1868 squamula
466 1826 508 1857 ad
529 1826 630 1858 basin
652 1827 826 1870 suffultae3
846 1828 1036 1861 inferiores
1055 1828 1214 1861 minores
1230 1852 1239 1868 ‚
1260 1836 1555 1870 pauco-nervosae.

260 1886 449 1920 Abdomen
462 1887 575 1919 forma
596 1889 739 1920 varium
752 1914 760 1929 ‚
775 1889 1132 1931 semi-cylindricum
1150 1914 1159 1930 ,
1186 1887 1355 1920 subovale
1371 1912 1380 1928 ,
1404 1887 1558 1919 subova-

261 1956 360 1989 tum,
377 1950 544 1983 conicum
557 1977 565 1993 ‚
591 1951 686 1985 infra
698 1953 972 1989 subcarinatum
988 1961 1050 1985 aut
1067 1953 1218 1996 planum
1239 1951 1297 1983 vel
1311 1950 1531 1983 fornicatum
1549 1974 1557 1990 ,

262 2012 302 2044 in
320 2014 582 2047 terebrantibus
594 2015 784 2047 nonnullis
798 2016 916 2047 sessile
929 2041 938 2056 ‚
953 2015 992 2047 in
1012 2016 1092 2047 aliis
1114 2020 1250 2060 puncto
1270 2013 1409 2046 thoraci
1430 2012 1558 2044 inocu-

261 2074 378 2107 latum
393 2076 609 2119 {segmentis
625 2088 759 2109 novem
770 2083 832 2108 aut
851 2083 929 2109 octo
947 2077 988 2109 in
999 2075 1264 2109 terebrantibus
1283 2074 1455 2119 plurimis
1470 2087 1478 2115 ;
1494 2085 1556 2105 sex

266 2136 462 2182 (femina)
483 2144 545 2170 aut
565 2144 699 2182 septem
722 2138 947 2179 (masculus)
974 2144 1116 2171 tantum
1141 2138 1179 2170 in
1204 2136 1407 2176 aculeatis;
1430 2136 1561 2178 primo,

266 2201 368 2236 basin
392 2212 516 2233 versus
533 2226 542 2243 ,
560 2201 597 2233 in
620 2201 829 2245 pediculum
857 2201 1075 2245 quandoque
1089 2201 1455 2243 elongato-attenuato
1475 2212 1483 2240 3
1500 2208 1563 2229 or-

264 2274 354 2307 gana
392 2265 563 2307 genualia
604 2265 748 2298 iuterna
767 2291 775 2307 ,
798 2267 927 2300 analia.
957 2266 1118 2298 Feminae
1147 2270 1347 2307 neutraque
1378 2261 1454 2295 illis
1484 2261 1564 2293 ovi-

265 2328 377 2361 ductu
393 2329 641 2366 lamelliformi
656 2337 718 2363 aut
732 2330 909 2363 setifornii
926 2356 934 2372 ,
960 2330 1119 2362 valvulis
1134 2329 1272 2361 duabus
1291 2328 1457 2371 vaginato
1473 2351 1482 2368 ,
1509 2326 1565 2358 Itis

247 2391 620 2435 ,aculeo-puuctoi’io,
646 2403 687 2423 cx
710 2393 832 2424 aculeo
861 2392 1005 2436 proprio
1021 2398 1057 2424 et
1084 2392 1184 2423 illius
1208 2391 1336 2434 vagina
1360 2393 1564 2427 constante,

263 2455 370 2497 stylis
386 2455 527 2488 duobus
547 2457 755 2500 compressis
772 2482 781 2499 ‚
809 2457 979 2490 brevibus
993 2482 1004 2497 ,
1032 2455 1200 2501 adjectis,
1216 2456 1418 2502 instructa.
1446 2452 1563 2486 Pedes
