1696 2778
322 174 393 230 50
620 177 873 233 Insecta.
916 179 1307 238 Pterodicera.

367 282 548 340 Spondyle
574 282 809 331 bupresto'ide.
832 288 956 321 Οιιν.
974 288 1120 322 Entom.
1135 313 1146 333 ,
1163 295 1250 323 tom.
1274 290 1316 334 4,
1331 289 1381 323 n⁰.
1410 302 1448 332 71
1468 316 1478 334 ‚
1499 290 1554 336 pl.
1575 304 1586 325 ι
1605 319 1614 336 ,

311 343 384 391 fig.
409 356 439 378 1.
467 344 501 378 b.

367 410 550 456 Spondyle
560 410 794 457 bzfflreseoide.
805 411 927 447 Lara.
936 414 1036 448 Hist.
1045 424 1124 452 nat.
1135 420 1196 454 des
1210 424 1325 456 Crust.
1341 428 1376 455 et
1390 421 1449 455 des
1460 423 1591 454 Insecl.
1603 446 1612 462 ‚

318 477 404 506 tom.
429 483 442 505 1
454 483 467 506 1
490 499 500 516 ‚
517 486 556 519 p.
580 474 660 509 264.

361 543 564 578 Attelabus
577 545 828 591 bupresto'ides.
844 553 968 585 Lus-N.
987 554 1136 597 System.
1152 562 1231 588 nat.
1246 581 1256 598 ‚
1275 556 1329 589 ed.
1360 556 1402 589 13
1415 582 1425 600 ‚
1453 561 1536 588 tom·
1570 567 1582 587 1
1603 579 1614 593 2

312 617 403 651 pars
417 619 454 648 2,
471 620 510 652 p.
529 607 609 642 621.
634 630 679 637 -—-
699 614 820 647 Faun.
838 616 938 649 Suec.
957 641 968 656 ,
990 617 1045 649 ed.
1071 629 1091 651 2
1110 643 1120 659 ,
1149 617 1200 652 22⁰.
1226 619 1307 653 644.

365 679 580 722 Capricome
593 678 617 711 ὰ
630 681 787 726 grandes
797 683 912 720 dents.
924 686 986 718 DE
999 687 1127 721 GBER.
1140 687 1252 722 Me'm.
1270 701 1297 722 s.
1315 687 1338 721 l.
1353 690 1488 722 Insect.
1499 712 1511 728 ,
1526 693 1610 721 tom.

316 739 363 780 5,
382 752 423 784 p.
450 740 628 786 84‚pl.5
648 769 656 785 ‚
673 742 744 789 fig.
764 754 820 778 21.

362 804 495 835 ΡΑΝΖ.
519 804 638 836 Faun.
655 806 786 838 Insect.
809 807 924 840 Germ.
943 833 952 851 ,
971 807 1071 854 fasc.
1090 811 1157 855 44,
1178 811 1243 858 fig.
1273 823 1327 858 19·

361 873 512 907 Habitat
535 876 575 909 in
595 876 739 922 Europa
763 893 772 920 3
797 878 999 925 Burdigalae
1023 906 1032 923 ‚
1067 882 1111 915 ad
1144 883 1225 927 pini
1260 883 1398 916 radices
1423 896 1429 916 t
1463 884 1613 918 Domini

319 937 487 984 Dargelas
505 965 515 981 ,
543 941 757 986 Rodrigues.

316 1073 378 1110 II.
408 1072 617 1112 Antennoe
655 1085 849 1123 semeae,
893 1093 1002 1131 soepe
1040 1081 1269 1134 elongatoe;
1305 1080 1390 1120 illis
1421 1089 1583 1119 serratoe
1605 1111 1614 1129 ,

366 1140 435 1181 his
469 1145 653 1183 articulis
683 1147 882 1200 elongatis
903 1164 921 1195 ;
964 1156 1165 1188 tarsorum
1196 1151 1396 1189 articulus
1441 1151 1608 1188 ultimus

367 1213 471 1251 nodo
493 1212 669 1254 basilam·
698 1225 740 1254 et
760 1218 1047 1271 articuliformi
1072 1221 1264 1266 minimo,
1295 1219 1556 1259 subobsoleto.

376 1323 391 1374 (
410 1326 605 1365 Thoracis
637 1328 768 1366 latera
791 1331 1019 1381 soepissime
1043 1330 1212 1368 dentata
1238 1339 1314 1370 aut
1338 1330 1546 1384 crenata.)

363 1469 516 1510 CCCX.
548 1471 706 1510 Gffiws.
734 1475 965 1512 Pmomss.
993 1475 1159 1512 Priene.

363 1553 572 1597 Prionus,
612 1552 808 1598 GEOFF.,
836 1554 979 1600 FAB„
1019 1552 1178 1598 Omra,
1210 1554 1336 1591 ΖΛΜ.
1369 1575 1421 1582 -
1453 1553 1615 1592 Ceram-

313 1623 415 1675 byx,
451 1624 594 1661 LJNN.
611 1653 623 1671 ,
658 1638 723 1662 DE
749 1625 891 1663 GEER.
917 1648 970 1655 -——
989 1625 1202 1676 Leptura,
1233 1623 1483 1662 GEOFFROI.

364 1702 578 1741 Antennoe
607 1701 855 1756 plerumque
883 1702 1093 1756 simplices
1121 1711 1161 1742 ct
1194 1700 1382 1741 articulis
1399 1700 1617 1752 undecim,

312 1771 356 1810 in
377 1772 595 1813 nonnullis
610 1774 826 1827 pectinatae
849 1774 914 1814 vel
938 1784 1098 1814 serratae
1120 1784 1161 1813 et
1188 1773 1374 1813 articulis
1393 1772 1612 1813 duodecim

313 1854 383 1883 aut
411 1844 615 1898 amplius,
643 1845 839 1886 masculis
876 1845 1054 1898 saltem;
1094 1843 1283 1885 articulis
1312 1858 1412 1897 saepe
1447 1844 1491 1882 in
1518 1859 1612 1882 om-

312 1914 439 1954 nibus
475 1915 961 1971 obconico-cylindricis
994 1916 1063 1957 vel
1105 1916 1447 1969 subobt1-igonis,
1491 1916 1613 1954 tertio

314 1983 580 2036 sequentibus
608 1982 808 2038 longiore.
832 1986 1100 2024 Mandibalae
1126 1993 1313 2030 exsertae,
1333 1982 1500 2032 val-idae,
1522 1997 1614 2022 ma-

313 2053 534 2106 gnitudine
566 2054 711 2104 variae,
739 2056 783 2094 in
815 2054 1009 2109 pluribus
1042 2055 1233 2094 maximae
1255 2070 1265 2102 3
1289 2052 1415 2094 latere
1447 2054 1613 2093 interno

312 2122 532 2164 nonnullis
559 2124 745 2175 dentato,
775 2140 876 2179 saepe
907 2125 1125 2176 incisori03
1151 2125 1267 2178 apice
1283 2133 1422 2174 acuto,
1449 2133 1616 2164 arcuato

312 2193 381 2234 vel
409 2195 622 2235 uncinato.
647 2198 781 2249 Palpi
805 2196 980 2237 articulo
1010 2195 1162 2236 ultimo
1184 2195 1310 2251 paulo
1329 2198 1508 2249 majore,
1536 2196 1615 2235 ob-

313 2267 483 2316 conico,
522 2280 755 2321 compresso
799 2267 866 2307 vel
909 2268 1212 2321 subobtrigono
1237 2285 1246 2319 3
1294 2267 1408 2320 apice
1439 2266 1588 2306 latiore
1604 2297 1615 2316 ,

314 2346 526 2390 truncato3
551 2339 788 2380 maxillares
803 2339 1012 2394 paulisper
1030 2341 1217 2393 majores.
1238 2340 1438 2379 Maxilloe
1457 2339 1615 2389 breves,

313 2422 504 2460 processu
530 2409 744 2449 terminali
776 2411 982 2461 coriaceo,
1012 2413 1096 2450 illis
1125 2408 1441 2464 subcylindrico
1467 2417 1536 2448 aut
1560 2408 1616 2448 li-

315 2478 553 2532 guliformi,
585 2482 653 2519 his
681 2480 805 2534 paulo
831 2481 979 2522 latiore
1006 2490 1046 2522 et
1073 2481 1287 2531 breviore,
1328 2479 1538 2529 subovali‚
1571 2479 1615 2517 in
