1635 2824
444 185 585 242 Ord.
618 183 746 239 III.
781 183 999 238 Sect.I.
1275 203 1378 258 109

76 295 266 330 saltatorii.
296 292 494 327 Ovidactus
508 290 655 323 lamella
678 289 847 333 vaginata
874 299 950 319 non
966 286 1154 320 formatus.
1175 287 1292 320 Ocelli
1302 290 1373 321 duo

77 366 222 393 tantum
240 363 303 390 aut
322 355 483 388 obsoleti.
512 352 820 398 Metamorphoses
838 351 962 383 nullae.

74 487 112 524 I.
145 484 355 525 Antennoe
382 491 568 528 exsertoe,
590 490 685 520 ante
710 489 787 520 aab
801 495 931 532 supra
946 479 1081 518 oculos
1100 481 1265 517 insertae
1275 508 1289 525 ,
1309 492 1377 516 ca·-

124 557 215 607 pite
251 555 482 607 longioreS,
528 553 717 591 articulis
760 552 908 589 saltem
940 558 1136 604 quatuor,
1174 549 1391 588 taberculo

127 624 358 661 insertionis
393 621 634 660 radicalave
674 635 754 658 non
795 627 1026 672 computato
1037 634 1055 666 ;
1084 620 1185 656 tarsi
1223 619 1378 670 soepizts

127 695 317 732 articulis
340 694 469 731 tribus
484 708 500 740 ;
536 692 710 730 basilari
739 694 962 730 anticorum
988 693 1031 729 in
1057 690 1266 729 nonnullis
1288 689 1378 728 bre-

132 766 295 803 vissimo
309 793 322 810 ,
358 771 495 801 tamen
521 763 793 801 discernendo.

129 902 328 941 Rostrum
345 900 533 941 articulis
545 909 723 954 quatuor
734 899 815 938 dis-

79 971 251 1024 tincti33
279 971 414 1010 tribus
440 971 589 1024 primis
622 902 862 1136 subaequce

79 1042 229 1097 longis.
267 1042 451 1081 Labrum
489 1039 815 1094 longissimum,
930 1052 1134 1087 FAMILIA
1167 1053 1328 1087 PRIMA⁸

79 1113 284 1152 striatam,
307 1110 421 1149 Tarsi
453 1124 597 1150 omnes
626 1109 814 1150 articulis
1009 1117 1035 1150 C
1051 1127 1072 1149 o
1087 1127 1111 1149 R
1125 1128 1137 1149 1
1152 1127 1167 1147 s
1183 1127 1195 1148 1
1210 1127 1251 1149 ,n

79 1182 215 1221 tribus
231 1181 458 1231 distinctis3
478 1180 657 1220 articulo
674 1180 813 1235 primo
1047 1179 1211 1214 Cori-St'es·

79 1248 258 1290 secundo
284 1251 440 1303 majore
475 1259 544 1289 aut
570 1249 713 1290 saltem
741 1250 813 1290 vix

81 1319 285 1360 breviore.

128 1439 329 1478 Rostrum
352 1438 682 1493 (acutissimum,
701 1438 819 1478 coni-

78 1507 479 1563 co-cylindricum)
512 1508 720 1563 plerisque
754 1508 813 1563 (1)

80 1578 268 1618 articulis
303 1579 441 1618 tribus
480 1579 495 1631 (
513 1579 578 1618 vel
611 1588 815 1633 quatuor,

79 1657 121 1686 at
145 1648 284 1701 primo
306 1648 552 1689 brevissimo
578 1647 816 1688 annulifor-

76 1717 192 1769 mi);
221 1718 359 1771 primo
385 1727 424 1757 et
452 1719 632 1759 secundo
651 1728 720 1759 aut
735 1719 817 1759 hoc

76 1787 212 1828 solum
255 1789 375 1828 tertio
409 1804 510 1843 saepe
552 1789 688 1829 multo
728 1789 819 1829 lon·
898 1796 1103 1833 FAMILIA
1129 1794 1361 1830 SECUNDA.

77 1860 278 1914 gioribus.
298 1859 482 1898 Labrum
503 1860 627 1900 breve
653 1868 725 1899 aut
743 1875 817 1913 pa·
978 1864 1006 1896 C
1019 1874 1031 1896 1
1045 1873 1074 1895 M
1091 1872 1102 1894 1
1114 1871 1134 1895 c
1148 1872 1161 1893 1
1176 1872 1201 1894 n
1212 1871 1234 1893 E
1247 1872 1273 1893 s.

75 1945 171 1970 rum
185 1930 438 1983 elongatum,
453 1930 687 1984 trigonum,
704 1929 816 1971 laeve.
1035 1926 1232 1961 Cimicides·

73 2001 191 2041 Tarsi
223 2000 412 2040 articulis
445 2000 582 2039 trihus
608 2010 679 2040 aut
712 2000 817 2041 cluo-

77 2071 173 2121 bus3
193 2070 370 2111 articulo
391 2070 550 2124 primo,
577 2071 815 2111 anticorum

79 2143 223 2182 saltem
238 2173 249 2193 ‚
286 2144 332 2182 in
372 2142 490 2182 tarsis
525 2141 815 2183 triarticulatis

78 2213 94 2267 (
110 2213 370 2267 secundoque
389 2213 435 2253 in
456 2211 704 2265 nonnullis)
726 2213 815 2253 hre-

75 2283 266 2333 vissimo‚
295 2283 507 2324 interdum
533 2283 730 2323 obsoleto.

121 2454 175 2501 (ι)
200 2456 244 2488 In
267 2456 517 2502 Hydrometris
534 2463 683 2491 externe
704 2455 1057 2491 subexarticulatum
1075 2453 1287 2487 articulisve
1310 2453 1375 2485 ob-

76 2519 209 2553 soletis.
