1635 2824
231 157 370 214 ord.
384 155 516 213 III.
543 153 724 209 Fam.
744 150 867 216 IL,
907 150 1233 207 Cimicicles.
1295 172 1397 228 127

94 252 200 302 culis
229 260 386 310 tribus5
413 275 555 312 corpus
593 259 925 296 emico-ovatum
942 285 956 302 ‚
1000 258 1132 293 antiae
1167 266 1404 309 angustato-

96 342 352 373 attenuatum
369 348 386 379 ;
432 332 594 370 thorace
627 328 842 367 subcom'co
877 328 944 366 vel
974 327 1233 379 subtrigono,
1263 341 1283 363 e
1311 344 1404 381 seg-

97 407 240 444 mentis
280 403 437 442 duobus
470 403 597 441 veluti
614 401 800 454 formato
818 415 834 447 ,-
865 399 993 451 pedes
1027 401 1191 450 primi,
1237 401 1406 438 secundi

97 477 223 512 etiam
249 475 292 511 in
319 473 529 511 nonnullis
546 501 559 518 ,
605 470 740 509 breves
768 468 1040 521 (quandoque
1076 470 1243 519 raptorii
1266 471 1309 520 ),
1329 469 1406 521 se-

96 544 272 582 moribus
311 545 556 582 incrassatis
572 557 589 589 ;
625 542 842 579 multorum
883 540 996 578 tibiis
1027 548 1203 592 quatuor
1226 542 1373 578 (inticis
1391 570 1404 586 ,

90 614 243 664 primis
271 612 438 658 saltem,
469 613 585 663 apice
613 609 739 663 itgf'ero
756 610 994 661 spongioso,
1027 615 1264 654 tomentoso,
1291 622 1406 646 exca-

96 689 210 728 vato,
241 683 284 718 in
308 680 444 718 lobum
470 678 740 718 rotundatum
757 678 831 715 sub
862 685 1062 715 tarsorum
1079 678 1232 730 origine
1255 678 1408 729 saepius

92 751 303 803 producto.

145 857 283 890 Insecta
309 868 418 901 supra
442 867 552 899 aquas
575 856 633 888 vel
659 856 700 887 in
730 853 885 886 illarum
914 854 988 886 oris
1010 865 1084 886 non
1110 855 1288 898 vagantia.

102 987 130 1008 1.
162 973 295 1019 Corpus
321 973 636 1010 conice-ovatum,
670 982 743 1003 non
771 969 937 1010 lineare,·
965 975 1206 1003 antennarum
1232 970 1410 1004 articulus

140 1041 280 1086 primus
305 1037 504 1083 (pedicello
529 1034 684 1082 originis
704 1047 776 1069 non
794 1041 1002 1080 computato
1017 1036 1029 1081 )
1055 1037 1175 1081 capite
1191 1037 1410 1083 tlzoraceque

146 1102 350 1147 conjunctis
377 1113 450 1134 non
482 1094 651 1145 longior5
683 1100 792 1144 pedes
822 1100 923 1132 haud
949 1093 1174 1146 longissimi,
1205 1101 1302 1134 coxis
1328 1113 1405 1134 om-

148 1168 248 1199 nium
275 1165 453 1199 brevibus.

150 1274 454 1317 CCCLXVIII.
485 1277 644 1315 G-mws.
673 1277 846 1315 NABIS.
876 1279 1029 1317 Nabis.

156 1347 319 1394 Cimex,
360 1349 538 1393 LINN.,
589 1357 654 1384 'DE
694 1347 838 1386 GEER.
885 1371 938 1377 —
979 1349 1221 1398 Reduvz'us,
1256 1353 1409 1399 Miris,

98 1419 209 1455 ΕΑΒ.
227 1447 240 1463 ,
271 1418 657 1455 SCHELLENBERG.

150 1487 358 1525 Antennoe
380 1484 533 1539 capitis
564 1483 695 1532 antici
723 1482 924 1524 lateribus
951 1486 1100 1526 mediis
1133 1485 1199 1527 vel
1231 1487 1380 1528 inferis
1398 1521 1409 1539 ‚

97 1565 185 1594 'non
217 1567 342 1607 supra
359 1552 515 1593 lineam
532 1553 585 1592 ab
602 1552 735 1592 oculis
762 1552 812 1592 ad
839 1554 963 1592 rostri
991 1555 1198 1609 originem
1216 1556 1384 1597 ductam
1399 1589 1410 1608 ,

98 1624 271 1663 insertae.
312 1625 509 1662 Rostrum
542 1621 720 1661 articulo
759 1622 898 1675 primo
931 1622 1099 1676 (baseos
1125 1625 1304 1666 articulo
1335 1643 1413 1667 an-

100 1693 320 1733 nuliformi
351 1706 435 1732 non
464 1693 728 1746 computato)
761 1692 931 1733 secundi
960 1694 1046 1734 fere
1072 1694 1353 1751 longitudine.

158 1764 315 1815 Capitis
337 1777 431 1816 pars
461 1762 620 1816 postica
641 1763 690 1801 ab
721 1763 858 1802 antica
887 1763 1158 1819 impressione
1185 1775 1413 1807 transversa

101 1846 175 1872 nec
205 1832 402 1872 distincta
431 1846 507 1871 nec
532 1834 578 1871 in
606 1833 807 1886 segmenti
833 1832 976 1873 lobive
995 1834 1167 1874 modum
1184 1837 1414 1877 eminenti-

99 1903 314 1955 producta.
346 1904 510 1942 Thorax
535 1918 658 1957 supra
682 1903 970 1957 planiusculus
997 1914 1068 1944 aut
1096 1906 1286 1962 subaeque
1310 1924 1412 1949 con-

101 1971 393 2021 vexiusculus,
432 1986 517 2010 non
558 1972 754 2011 distincte
789 1971 1202 2014 elevato-hilobatus.
1243 1977 1411 2030 (Tibia,-

98 2041 246 2079 anticae
275 2040 419 2093 saepius
450 2039 562 2078 infra
591 2040 776 2080 seriatim
803 2039 1106 2096 denticulatae.)

100 2166 138 2203 I.
168 2165 302 2203 Pedes
336 2166 466 2202 antici
483 2164 716 2216 semoribus
754 2166 940 2219 oblongis
977 2166 1168 2219 tibiisque
1196 2169 1408 2222 elongato-

155 2237 416 2289 cylindricis,
454 2238 683 2290 gracilibus
703 2254 720 2285 ;
762 2246 932 2276 rostrum
973 2239 1033 2276 acl
1067 2240 1197 2291 pedes
1229 2244 1408 2292 posticos

157 2319 284 2357 usque
309 2314 556 2356 protensum.

151 2411 407 2443 SCHELLENB.
428 2411 517 2445 Cim.
530 2437 542 2450 ,
568 2410 645 2445 tab.
673 2412 690 2445 5
704 2412 795 2459 ‚fig.
818 2424 848 2445 1.
868 2433 915 2439 —
930 2412 1118 2446 Reduvius
1134 2421 1290 2459 aptam,
1303 2415 1408 2461 Fab.;

107 2474 280 2520 CoQUJgB.
299 2473 424 2507 Illust.
451 2477 540 2509 Icon
559 2477 713 2517 Insect.,
743 2477 815 2511 dec.
843 2477 884 2519 5,
914 2476 990 2511 tab·
1011 2488 1050 2510 21
1067 2503 1079 2516 ,
1097 2477 1169 2524 fig.
1190 2478 1231 2521 85
1253 2482 1409 2525 punaise
