1635 2824
76 142 215 199 Ord.
228 145 281 200 I.
305 145 381 199 F.
399 141 623 199 XXX
626 140 698 197 V
686 141 803 207 IL,
828 141 1254 201 Coccinelliclae.
1297 167 1328 219 7
1341 167 1362 203 1

64 247 268 292 capitulum
287 245 523 289 obtrigonum
547 243 805 277 formantibus.
831 244 1070 280 Mandibuloe
1092 257 1229 296 cornoae
1244 273 1254 290 ,
1279 251 1372 283 nul..

63 309 205 345 latenus
223 316 286 343 aut
303 309 370 342 vix
389 314 556 351 exsertae,
575 308 749 354 trigonae,
769 320 978 354 compressae
999 324 1008 354 3
1039 310 1138 355 apice
1167 318 1273 344 acuio
1292 337 1301 354 ,
1332 314 1372 348 in

66 377 197 411 multis
219 373 331 408 bifido
349 389 358 417 3
377 373 490 407 latere
517 373 664 407 interno
689 385 891 419 compresso
899 400 908 417 ,
930 381 1054 417 acuto,
1074 375 1178 420 quasi
1194 377 1373 410 membra-

69 450 117 473 na
136 442 260 479 aucto,
279 436 451 470 dentibus
467 436 592 470 nullis.
609 435 727 481 Palpz·
743 444 915 480 quatuor,
938 438 1084 482 breves3
1106 437 1214 470 modo
1233 438 1372 471 maxil-

65 500 156 535 lares
171 523 180 541 ,
194 499 302 531 modo
322 499 471 531 labiales
487 524 496 541 ,
522 499 562 531 in
579 498 771 532 nonnullis
800 498 839 532 hi
867 505 903 533 et
923 499 978 532 illi
998 525 1008 542 ‚
1035 505 1241 533 extrorsum
1272 486 1373 533 cris-

64 561 196 603 siore35
225 560 434 593 maxillares
459 562 635 605 majores,
653 561 819 593 articulis
847 567 1034 604 quatuor3
1060 561 1210 593 labiales
1242 562 1372 596 tribus.

62 625 240 660 Maxillae
252 636 417 671 processu
428 626 568 670 duplici
577 651 586 668 ‚
601 625 877 659 membranaceo
888 641 895 667 3
910 631 1063 658 externo
1077 625 1149 668 maj
1155 636 1228 668 ore,
1239 627 1375 659 subob-

63 690 206 734 trigono
223 695 286 722 aut
303 689 470 722 subovali
483 704 492 732 3
507 689 654 722 interno
672 700 782 734 parvo
793 715 802 730 ,
816 690 962 733 trigono
974 715 983 731 ‚
999 689 1213 722 dentiformi
1226 715 1236 732 ‚
1255 697 1374 724 acum.

63 753 220 787 Labium
247 753 591 795 membranaceum,
617 753 907 796 subquadratum
933 759 997 786 aut
1020 753 1375 797 quadrato-subeor-

64 817 191 850 datum
211 842 222 860 ‚
248 817 412 861 margine
438 828 568 861 supero
596 816 703 860 paulo
722 816 852 848 latiore
870 840 879 857 ‚
902 816 1045 859 integro
1069 823 1134 850 aut
1160 818 1226 851 vix
1252 830 1376 852 emar-

65 882 186 926 ginato
205 907 216 925 ‚
245 882 381 926 pagiuae
410 882 598 914 interioris
634 879 855 912 membranae
889 890 1057 922 processu
1089 892 1221 924 supero
1256 882 1377 916 veluti

64 947 268 991 marginato
293 953 358 979 aut
382 951 566 979 coronato.
595 944 764 978 Mentum
788 945 993 978 coriaceum
1028 951 1091 977 aut
1125 952 1376 991 crustaceum‚

65 1010 323 1044 brevissimum
337 1036 345 1052 ‚
372 1008 889 1051 transi*erse-subquadratum
914 1016 977 1041 aut
1000 1011 1375 1045 transverso-lineare.

67 1076 175 1108 Tarsi
195 1074 323 1108 subtus
348 1072 553 1117 spongiosi,
589 1072 747 1105 articulo
774 1073 982 1116 penultimo
1007 1073 1134 1108 bifido.

117 1143 252 1185 Corpus
287 1145 437 1172 ovatum
473 1144 536 1171 aut
568 1138 968 1183 subhemisphaericum.
1014 1141 1132 1185 Caput
1165 1140 1306 1174 thoraci
1331 1141 1376 1174 ad

68 1201 189 1236 oculos
208 1212 323 1244 usque
343 1201 543 1234 intrusum.
578 1201 742 1244 Thorax,
765 1203 804 1235 in
827 1202 973 1235 insectis
1001 1204 1123 1235 ovatis
1147 1203 1375 1247 subquadra-

65 1273 150 1307 tus,
173 1265 303 1311 planus
321 1291 330 1308 ‚
353 1265 494 1309 angulis
530 1265 647 1299 acutis
671 1280 681 1308 3
710 1267 874 1310 margine
901 1267 1023 1300 antico
1051 1267 1123 1300 late
1149 1269 1375 1312 emarginato

64 1337 129 1365 aut
147 1341 306 1364 concavo
326 1343 335 1363 ε
365 1331 404 1363 in
433 1332 580 1365 insectis
600 1332 951 1378 subhemisplzoericio
971 1333 1110 1376 brevis,
1137 1339 1374 1367 transversus.

64 1395 255 1430 Abdomen
274 1406 473 1439 magnum,
491 1396 618 1439 elytris
644 1395 833 1431 fornicatis
863 1398 969 1432 valde
994 1398 1168 1432 convexis
1193 1405 1378 1442 supertec—

66 1464 158 1493 tum.
185 1458 298 1492 Pedes
329 1459 566 1493 validiusculi
583 1486 593 1503 ,
623 1461 792 1495 inermes.

117 1525 266 1557 Insecta
283 1523 400 1557 colore
414 1523 638 1569 pantherino
651 1549 662 1568 ‚
681 1526 833 1572 punctis
854 1524 996 1570 rubris,
1017 1527 1134 1573 nigris
1152 1551 1165 1567 ,
1187 1526 1295 1561 luteis
1309 1533 1375 1560 aut

67 1586 206 1621 albidis
235 1592 382 1622 notata.

67 1685 104 1725 I.
132 1685 340 1724 Antennoe
369 1686 529 1725 thorace
550 1687 748 1740 longiores
761 1704 779 1735 ,·
806 1688 933 1740 palpa·
956 1689 1194 1727 maxillares
1213 1690 1289 1741 fili
1310 1706 1377 1730 or-

122 1768 205 1794 mes
230 1764 305 1794 aut
320 1759 496 1809 capitati
507 1765 544 1795 et
557 1765 653 1796 tunc·
671 1760 869 1798 articulus
885 1759 1055 1799 alcimus
1079 1776 1151 1799 nec·
1170 1765 1376 1802 maximus

121 1839 195 1864 nec·
220 1828 518 1880 seeurfformz'&
550 1829 710 1868 labium
734 1843 815 1869 non
845 1839 920 1869 aut
941 1834 1073 1884 paulo
1090 1841 1253 1872 tantum
1284 1835 1376 1873 lon-

115 1899 215 1950 gius
242 1913 369 1950 quam
396 1899 535 1938 latius.

67 1982 256 2036 (Corpus
287 1993 453 2025 ovatum
471 2003 490 2035 ,·
520 1987 665 2026 thorax
693 1987 1023 2042 subquadratus,
1058 2008 1079 2030 e
1117 1993 1292 2033 dimidio
1320 1995 1381 2034 ad

123 2067 328 2091 summum
360 2054 486 2092 latior
507 2070 634 2108 quam
661 2057 843 2110 longior,
877 2067 974 2097 ante
1000 2062 1176 2114 angulos
1199 2065 1379 2114 posticos

112 2138 266 2176 parum
293 2133 561 2178 angustatus,
596 2127 780 2182 undique
814 2133 1115 2185 marginatus.)

122 2220 472 2287 CCCXXXVIII.
502 2248 663 2289 Gmws.
695 2251 1019 2292 EUMORPHUS.
1047 2255 1297 2309 Eumorplze.

123 2313 386 2367 Eumorplzus
398 2346 412 2363 ‚
443 2318 578 2356 le.
590 2348 604 2365 ,
637 2321 753 2359 Fae.

122 2385 330 2425 Antennoe
358 2386 536 2428 articulo
568 2392 691 2430 tertio
719 2390 966 2447 longissimo
986 2425 1000 2442 ,
1032 2395 1213 2436 secundo
1251 2395 1379 2450 triplo

70 2462 140 2493 aut
168 2454 349 2510 amplius
372 2455 574 2512 longiore.
596 2463 867 2510 Mandibuloe
885 2466 1003 2519 apice
1022 2466 1373 2521 suhemarginato.
