1635 2824
253 155 290 209 4
553 154 807 210 Insecta.
851 153 1239 211 Pteroclicera.

253 268 366 307 satae‚
395 258 510 312 apice
549 261 783 300 acuminato
809 269 849 300 et
878 260 922 300 in
954 261 1119 301 dentem
1146 274 1322 314 parvum
1348 261 1522 303 aheunte
1541 292 1556 312 ,

256 327 438 369 obsolete
460 329 510 369 ad
533 328 660 370 latera
676 331 927 370 subsinuato.
951 334 1084 384 Palpi
1108 330 1343 371 maxillares
1371 332 1556 373 maxillis

256 400 489 455 quadruplo
526 410 595 441 aut
632 401 810 454 amplius
851 400 1076 456 longiores,
1112 401 1288 441 articulo
1319 403 1458 455 primo
1488 417 1552 442 se-

258 470 395 510 cundo
417 471 552 524 palam
576 472 784 520 breviore,
811 471 945 515 tribus
971 471 1131 511 ultimis
1157 471 1431 525 longissimis,
1459 486 1552 525 gra-

259 540 451 589 cillimis,
469 540 731 595 cylindriciS,
750 541 961 581 terminali
981 543 1225 596 praecedente
1241 557 1324 582 non
1342 541 1554 596 longiore,

261 609 310 648 ad
335 610 494 663 apicem
521 609 670 649 sensim
702 609 825 663 paulo
856 611 1076 664 crassiore3
1100 610 1270 651 labiales
1288 611 1431 651 eodem
1451 611 1554 651 arti-

259 676 354 716 culo
384 677 468 715 sive
491 687 637 729 quarto
665 677 908 731 praecedenti
940 679 1145 729 tenuiore,
1179 679 1380 719 subovali.

319 746 482 783 Thorax
503 747 635 785 antice
660 746 777 786 valde
802 756 1043 787 attenuatus.
1063 751 1328 788 Metathorax
1345 757 1556 802 segmento

262 812 421 867 postico
449 813 975 870 horizontali-cylindrico.
1005 817 1219 856 Abdomen
1247 817 1429 870 ejusdem
1464 831 1557 871 seg-

265 886 396 924 menti
426 885 531 940 apici
560 901 705 941 supero
735 888 962 939 insertum3
995 897 1202 942 segmento
1230 889 1366 941 primo
1385 902 1555 942 sequen-

264 955 378 994 tibus
395 956 568 1010 abrupte
586 959 838 1012 angustiore,
866 957 1166 1012 in-pedieulum
1183 958 1438 1012 elongatum,
1463 972 1558 1012 per-

264 1026 370 1065 fecte
388 1026 694 1081 cylindricum,
719 1029 909 1069 formato.
938 1030 1037 1069 Aloe
1064 1044 1215 1082 superae
1241 1027 1387 1068 areolis
1401 1027 1556 1067 discoi-

264 1095 430 1135 dalibus
461 1097 611 1149 trihus3
638 1097 798 1138 duabus
824 1100 982 1153 superis
1004 1100 1220 1154 perfectis,
1241 1098 1374 1138 infera
1399 1097 1558 1152 longis-

266 1166 395 1217 sima,
423 1166 644 1219 terminali.
672 1171 841 1209 Femora
866 1169 1022 1223 postica
1050 1170 1286 1209 incrassata.

315 1268 518 1312 Stephanus
536 1275 739 1302 coronatus.
757 1271 851 1302 JUR.
871 1271 1070 1315 Hymenop.
1087 1295 1096 1313 ,
1118 1282 1157 1315 p.
1180 1269 1224 1314 95
1239 1293 1252 1309 ‚
1267 1267 1322 1313 pl.
1351 1281 1370 1313 7
1385 1293 1396 1307 ,
1423 1280 1504 1315 gen.
1522 1269 1556 1302 4.

267 1331 428 1374 femina3
449 1334 592 1366 Bracon
616 1340 781 1367 serrator.
806 1336 910 1367 ΓΑΒ.
936 1336 1085 1380 System.
1115 1335 1252 1380 piezat.
1282 1359 1291 1377 ,
1326 1346 1415 1380 pag.
1461 1336 1524 1367 108
1546 1348 1561 1373 ,-

267 1396 403 1427 ΡΑΝΖ.
418 1396 538 1429 Faun.
556 1399 687 1430 Insect.
707 1399 821 1431 Germ.
834 1423 847 1439 ‚
867 1399 967 1445 fasc.
989 1399 1033 1445 76
1047 1425 1058 1438 ‚
1077 1398 1154 1432 tab.
1181 1398 1250 1438 155
1274 1397 1387 1440 ejusd.
1414 1399 1560 1430 Entom.

267 1470 356 1492 vers.
380 1459 436 1492 die
450 1461 569 1506 jurin.
588 1473 628 1507 p.
653 1473 694 1508 77
711 1487 722 1501 ‚
740 1462 823 1495 sem.
839 1477 848 1505 3
867 1463 1084 1496 Iclmeumotz
1102 1461 1292 1495 couronne'.
1307 1464 1433 1495 LATR.
1459 1462 1560 1496 Hist.

268 1529 347 1556 nat.
374 1524 434 1556 des
456 1526 568 1558 Crust.
585 1531 620 1557 et
633 1527 691 1558 des
709 1528 839 1559 Insect.
854 1552 863 1569 ,
884 1533 911 1559 t.
942 1527 1052 1573 13‚p.
1080 1527 1156 1568 178.

312 1587 504 1621 Feminam
517 1600 536 1620 a
551 1589 697 1622 domino
713 1591 922 1633 Lauamwr,
942 1597 979 1623 et
993 1602 1129 1623 marem
1149 1602 1169 1622 a
1187 1589 1336 1623 domino
1352 1590 1562 1623 DARGELAS

266 1653 399 1696 accepi.

314 1735 429 1767 Nota.
444 1735 585 1780 Pimpla
605 1742 796 1770 coronator
805 1737 967 1770 Fabricii
985 1737 1077 1770 forte
1103 1737 1264 1782 ejusdem
1290 1737 1443 1781 generis,

320 1860 654 1903 CCCCXXXIX.
682 1864 841 1904 GENUS.
868 1867 1096 1905 XoRmEs.
1127 1866 1296 1905 Xoride.

319 1931 493 1984 Cryptus
503 1964 516 1980 ,
546 1936 661 1973 FAB.
679 1957 732 1964 —
743 1936 976 1975 Anomczlon
987 1967 998 1985 ,
1028 1939 1223 1975 JURJNE.

321 2013 592 2052 Mandibuloe
619 2013 728 2053 ultra
753 2015 885 2054 basim
919 2025 1155 2069 angustatae,
1183 2014 1450 2064 subarcuatae,
1482 2013 1563 2053 oh-

266 2084 373 2118 tusae.
405 2083 540 2134 Palpz·
565 2081 800 2123 maxillares
825 2084 1002 2124 articulo
1027 2084 1164 2138 primo
1184 2083 1363 2123 seeundo
1388 2098 1474 2122 non
1494 2092 1565 2122 aut

265 2256 419 2288 maculis
432 2257 650 2301 adjungendi
665 2252 768 2300 sunt'3
784 2261 946 2304 stephani
960 2272 1044 2294 vero
1056 2272 1099 2293 an
1107 2260 1224 2294 tennis
1239 2265 1274 2292 et
1284 2258 1490 2292 abdominis
1505 2257 1564 2289 in-

264 2319 422 2352 sertione
432 2331 516 2353 cum
530 2320 878 2357 Ichneumonidibus
887 2326 1037 2359 omnino
1048 2325 1291 2366 conveniunt,
1304 2329 1338 2356 et
1354 2323 1396 2355 ad
1408 2321 1560 2355 tertium

265 2382 432 2416 ordinem
470 2386 632 2419 methodi
659 2388 859 2431 jurineanae
891 2391 1011 2435 potius
1035 2401 1143 2435 quam
1174 2390 1219 2423 ad
1247 2387 1473 2428 secundum,
1498 2384 1560 2417 cui

265 2444 521 2482 inscribuntur
536 2474 546 2492 ‚
567 2449 762 2495 pertinent.
