1635 2824
100 165 239 224 Orcl.
259 171 312 226 I.
334 171 409 225 F.
431 168 653 224 XXX
658 169 766 235 V„
798 168 1272 244 Chrysomelinoe.
1316 171 1385 246 57

136 281 209 310 tere
232 278 370 310 interno
396 277 533 321 soepius
550 277 764 311 unidentato
779 292 794 319 ;
817 277 927 322 palpi
951 277 1162 312 maxillares
1191 287 1386 315 extrorsum

140 341 329 374 crassiores
342 346 408 373 aut
415 340 613 387 filiformes
623 367 636 382 ,
663 341 819 375 articulo
835 341 962 375 ultimo
973 342 1182 388 plerumque
1196 349 1364 377 truncato
1377 360 1390 385 ‚-

141 403 304 438 maxilloe
333 406 469 451 soept'us
489 406 718 452 processibus
735 406 816 454 fere
838 407 1064 453 oequalibus,
1094 408 1391 453 subcylindricis,

138 467 416 513 subparallelis,
441 476 584 503 externo
604 469 720 515 paulo
748 470 878 503 latiore
891 485 904 511 ;
935 470 1072 504 labium
1096 474 1232 516 soepius
1268 479 1393 506 trans-

138 533 499 578 verso-quadratum,
527 535 726 567 coriaceum
757 539 822 566 aut
853 540 1095 576 crustaeeum,
1124 534 1367 568 unisulcatum
1385 562 1396 574 ,

143 595 307 640 margine
335 608 460 641 supero
492 597 744 644 emarginatoj·
769 604 924 630 mentum
942 603 1201 637 transversum,
1235 600 1398 644 margine

143 670 269 703 supero
297 661 464 695 subrecta
485 668 710 702 transverso,
738 662 946 696 nullatenus
965 669 1030 696 aut
1050 664 1112 696 vix
1142 665 1367 710 emarginato
1385 678 1399 704 ,⁴

145 734 273 768 corpus
302 724 377 757 illis
402 726 781 771 subhemisplzoericum
817 733 884 759 aut
913 732 1086 765 ovatum;
1112 726 1170 760 his
1204 726 1398 774 elongato—

148 794 296 822 ovatum
319 790 380 823 vel
399 791 524 833 ovale,
551 794 588 825 in
615 791 802 825 nonnullis
818 790 1292 837 elongato-subquadratum
1307 807 1320 833 ,·
1340 805 1401 826 ca·

139 855 211 893 put
235 856 390 892 nutans,-
411 853 542 886 thorax
566 854 687 886 antice
708 858 774 885 aut
786 854 926 897 postice
944 852 1074 884 saltem
1097 853 1291 897 elytrorum
1313 855 1403 887 lati-

148 915 274 948 tudine
308 924 374 950 aut
394 917 471 951 illis
496 919 557 951 vix
579 918 788 964 angustior,
810 916 1066 962 planiusculus
1093 924 1159 951 aut
1181 932 1314 964 parum
1343 933 1404 954 ar—

154 985 472 1014 cuuto-convexus.

152 1069 406 1103 OBSERvA‘no.
429 1070 594 1103 Labrum
620 1070 966 1114 subemarginatum.

158 1180 464 1220 CCCXXVIII.
495 1181 652 1221 Genus.
684 1183 1015 1221 CHRYSOMELA.
1040 1181 1304 1235 Clzrysomele.

163 1248 422 1301 Chrysomela
441 1280 454 1296 ,
501 1251 643 1288 LzNN.
661 1279 675 1296 ,
723 1250 895 1289 GEOFF.
914 1280 927 1296 ,
974 1264 1034 1290 DE
1064 1252 1192 1290 Gema
1216 1282 1227 1301 ,
1267 1255 1382 1291 ΕΑΒ.
1398 1283 1411 1299 ,

114 1314 248 1354 Οιιν.
263 1347 278 1364 ,
318 1319 565 1356 LAMARCK.

164 1388 374 1427 Antennae
399 1389 551 1428 sensim
580 1397 812 1429 extrorsum
839 1391 1072 1439 crassiores,
1099 1391 1214 1431 haud
1249 1393 1416 1432 subcla-

111 1464 233 1505 vatae,
262 1456 450 1496 articulis
480 1455 745 1511 longioribus
770 1472 896 1511 quam
926 1458 1148 1499 latioribus
1177 1470 1248 1500 aut
1273 1461 1416 1501 saltem

112 1541 199 1567 non
233 1528 490 1568 transversis.
515 1531 649 1581 Palpi
673 1527 906 1569 maxillares
924 1530 1096 1579 exserti,
1121 1531 1305 1571 maxillis
1327 1531 1417 1572 lon-

115 1600 285 1654 giores,
329 1598 505 1640 articulo
545 1599 698 1639 ultimo
742 1600 827 1639 fere
871 1599 917 1638 in
956 1601 1154 1640 omnibus
1195 1603 1422 1653 crassiore,

113 1679 329 1720 truncato,
358 1670 661 1724 subobtrigono
696 1679 767 1709 aut
794 1670 1020 1710 semiovato
1046 1670 1111 1710 vel
1140 1672 1420 1726 subquadrato

115 1737 330 1792 (breviter
371 1737 709 1792 subcylindrico,
745 1739 1024 1792 compresso)
1070 1740 1252 1779 Labium
1282 1750 1422 1781 trans—

118 1808 531 1862 verso-quadratum,
559 1808 792 1848 coriaceum
821 1819 892 1848 aut
925 1818 1192 1849 crustaceum.

176 1880 331 1931 Corpus
353 1879 799 1932 subhemisphaericum
825 1878 891 1918 vel
911 1879 1225 1920 suborbiculare
1243 1889 1313 1919 aut
1333 1882 1425 1921 sub-

119 1958 312 1997 ovatum,
341 1963 545 1998 crassum,
570 1959 814 1988 convexum.
842 1950 1005 1988 Thorax
1035 1958 1302 1990 transversus.

175 2044 433 2076 OBSERVATIO.
475 2043 670 2087 Palporum
710 2043 963 2076 niaxillarium
1003 2044 1181 2075 articulus
1226 2046 1432 2078 1e1-minalis

123 2109 240 2143 forma
261 2109 411 2151 varius3
438 2108 479 2140 in
503 2109 689 2152 speciebus
712 2119 861 2151 corpore
886 2108 1158 2150 liemisphaerico
1184 2115 1246 2141 aul
1263 2109 1433 2141 suborbi-

123 2172 243 2204 culato
257 2170 474 2215 generaliter
491 2170 771 2213 subobtrigonus
782 2176 843 2202 aut
858 2169 930 2202 fere
945 2169 1260 2202 subseeuriformis
1274 2186 1282 2212 3
1300 2172 1339 2203 in
1354 2183 1434 2215 spe-

127 2235 250 2268 ciebus
271 2246 420 2279 corpore
445 2241 549 2266 ovato
568 2235 789 2267 semiovatus
809 2240 871 2266 aut
897 2234 1184 2277 subquadralus5
1202 2235 1242 2266 in
1260 2235 1341 2267 aliis
1356 2247 1434 2267 ma-

129 2299 180 2342 gis
197 2299 371 2342 elongatis
418 2299 461 2332 ad
499 2299 654 2332 formam
684 2299 1085 2331 truncato-subovatam
1115 2305 1178 2331 aut
1208 2310 1433 2343 compresso—-

125 2362 433 2404 subcylindricam
458 2364 652 2407 acceden53
680 2370 716 2396 at
742 2363 882 2406 generis
899 2363 1096 2395 divisiones
1111 2365 1292 2407 primariae
1312 2375 1357 2396 ex
1379 2365 1435 2397 his

131 2426 399 2458 characteribus
411 2427 606 2472 desumptae
618 2428 785 2461 ordinem
803 2428 1007 2461 naturalem
1023 2428 1236 2471 perturbare
1251 2428 1439 2461 videntur.

132 2488 373 2530 Chrysomelae
398 2500 406 2521 ;
446 2495 530 2524 atra
557 2489 737 2533 Olivieri,
760 2490 968 2536 polygoni,
1001 2491 1214 2523 armoracc'oe
1231 2515 1243 2530 ,
1275 2491 1439 2534 galei-una.

263 2553 367 2601 III.
1188 2553 1217 2603 8
