1635 2824
250 152 356 208 258
548 152 800 210 Insecta.
847 156 1237 212 Pterodicera.

293 260 550 294 Onsmwmo.
577 260 791 307 Xiphydriae
817 263 1004 308 Cephique
1023 265 1182 309 corporis
1202 264 1318 298 forma
1333 289 1343 307 ‚
1365 265 1539 299 oviducttx

249 330 389 356 exserto
402 350 412 366 3
437 325 622 369 elongato,
643 337 727 358 cum
746 326 1048 362 Tenthredinetis
1069 334 1105 361 et
1126 327 1333 362 Uroceratis
1354 329 1542 373 ambigen-

246 392 300 419 tes
312 412 324 431 ‚
349 387 393 421 ad
417 388 597 422 familiam
617 389 866 422 secundariam
885 391 1053 424 accedere
1078 380 1267 425 videntur.

513 522 849 562 FAMILIA
902 523 1269 565 SECUNDA.

416 631 835 666 URocERATm
892 624 1367 671 URochRATE&

293 748 619 782 Onsnnvnmnns.
639 750 824 784 Antennae
843 748 1032 784 filiformes
1050 757 1113 783 aut
1129 758 1271 785 setaceae
1282 778 1292 795 ‚
1309 754 1455 786 thorace
1478 764 1543 785 nec

246 813 364 846 multo
381 813 564 847 breviores
582 825 647 846 nec
663 814 782 846 multo
802 814 982 858 longiores
997 839 1007 856 3
1031 814 1198 847 articulis
1225 815 1350 848 decem
1379 823 1414 851 et
1441 818 1540 850 ultra

248 887 363 919 usque
384 877 429 909 ad
447 877 612 921 quinque
629 883 665 910 et
678 878 810 921 viginti
830 893 838 920 3
865 879 982 922 primo
1006 878 1176 911 crassiore
1192 902 1202 919 ,
1224 879 1350 922 saepius
1366 873 1544 913 subo‘bco-

247 940 331 973 nico
350 956 358 983 3
380 942 538 974 secundo
564 942 777 975 brevissimo
793 957 801 985 3
819 942 900 975 aliis
926 943 1365 987 compresso-cylindrisis.
1387 945 1544 978 Labrum

246 1004 446 1038 minimum
461 1031 470 1047 ‚
489 1006 671 1050 integrum
689 1032 698 1049 ,
721 1008 883 1052 margine
904 1009 1024 1040 antico
1050 1008 1173 1041 ciliato
1198 1015 1261 1041 aut
1287 1008 1411 1052 piloso.
1433 1011 1543 1042 Man—

245 1068 382 1102 dibaloe
409 1081 545 1102 corneae
564 1096 573 1111 ⁷
602 1077 748 1103 exsertae
771 1097 780 1113 3
808 1072 933 1104 breves
958 1097 967 1113 ,
1003 1083 1133 1104 crassae.
1164 1071 1281 1116 Palpc'
1310 1073 1540 1120 maxillares,

245 1132 434 1166 filiformes
450 1158 459 1174 ,
489 1134 653 1166 articulis
686 1135 826 1167 duobus
851 1142 911 1168 aut
937 1136 1100 1179 quinque
1128 1151 1136 1178 3
1165 1136 1313 1169 labiales
1337 1143 1541 1169 extrorsum

243 1197 431 1229 crassiores
445 1204 507 1229 aut
521 1198 689 1242 capitati,
708 1199 872 1232 articulis
892 1199 1017 1232 tribus.
1041 1199 1217 1233 Maxilloe
1240 1199 1374 1232 lacinia
1400 1200 1542 1231 interna

243 1261 358 1293 nulla.
375 1261 530 1294 Labium
544 1262 739 1307 integrum.
761 1264 893 1308 Corpus
907 1264 1132 1306 elongatum,
1148 1263 1406 1305 cylindricum.
1424 1263 1542 1307 Caput

243 1325 623 1368 subsemiglobosum3
655 1326 827 1358 verticale
852 1352 861 1368 3
895 1327 986 1359 collo
1021 1338 1131 1370 parvo
1164 1326 1303 1359 thoraci
1335 1336 1543 1367 annexum3

246 1386 362 1419 oculis
381 1388 611 1430 lateralibus,
629 1389 810 1429 ovalibus,
826 1390 977 1432 integris
991 1404 999 1432 3
1014 1390 1137 1421 ocellis
1150 1390 1269 1421 tribus
1284 1387 1397 1431 fronti
1409 1398 1544 1432 superae

245 1450 420 1491 insertis,
445 1451 484 1483 in
512 1451 739 1495 triangulum
768 1452 960 1496 dispositis.
986 1453 1131 1486 Thorax
1156 1452 1403 1495 abdomenque
1433 1458 1474 1484 ut
1503 1452 1544 1484 in

243 1515 385 1549 familia
410 1518 639 1550 antecedenti
665 1524 701 1550 et
729 1530 893 1550 connexa
916 1525 951 1551 et
980 1518 1054 1552 sere
1081 1517 1303 1551 conformata
1329 1532 1338 1559 3
1363 1517 1544 1550 abdomen

243 1580 503 1623 cylindricum.
518 1581 607 1615 Aloe
620 1581 893 1614 horizontaliter
907 1582 1011 1614 dorso
1028 1582 1279 1614 incumbentes
1290 1607 1302 1621 ,
1317 1592 1429 1613 anum
1447 1581 1545 1613 ultra

245 1655 319 1676 non
348 1644 540 1687 productae.
565 1645 679 1677 Pedes
701 1645 922 1686 mediocres3
940 1645 1051 1678 antici
1075 1645 1133 1677 vel
1160 1645 1286 1688 postici
1308 1644 1348 1676 in
1375 1643 1545 1676 masculis

246 1713 281 1739 et
304 1707 451 1739 feminis
476 1708 583 1751 paulo
609 1708 743 1740 diversi
762 1722 770 1750 3
792 1708 876 1740 tarsi
904 1707 1069 1740 articulis
1091 1707 1256 1750 quinque
1280 1721 1289 1749 3
1319 1707 1437 1751 primo
1463 1706 1546 1738 lon-

246 1770 391 1814 gissimo
411 1785 419 1813 3
436 1771 569 1803 ultimo
593 1772 776 1815 unguibus
794 1771 936 1803 duobus
956 1771 1131 1812 arcuatis3
1149 1771 1285 1813 acutis,
1305 1771 1498 1803 instructo.

303 1845 451 1876 Insecta
482 1844 657 1886 sylvatica
683 1868 692 1884 ,
726 1850 930 1886 antennas,
963 1843 1281 1877 Ichneumonidum
1316 1854 1447 1882 more,
1483 1842 1543 1874 vi-

247 1906 408 1940 brantia.

295 1974 422 2004 Larua
448 1971 661 2015 hylophaga.

299 2098 639 2137 CCCCXXXIII.
667 2099 827 2138 Gmws.
866 2098 1124 2137 Uzzocmzss,
1156 2101 1334 2137 Urocere.

310 2169 529 2215 Uroceras,
563 2170 757 2216 GEOFF.,
788 2171 1023 2216 SCHAEFF.,
1051 2170 1208 2214 01:112„
1238 2171 1361 2208 LAM.
1390 2191 1441 2198 -—
1475 2169 1547 2207 Si-

249 2252 316 2275 rex
339 2266 351 2282 ,
398 2238 541 2275 LlNN.
555 2268 565 2282 ,
611 2253 672 2277 DE
718 2240 843 2277 GEER
865 2269 877 2284 ,
920 2241 1034 2277 FAB.
1051 2268 1064 2285 ,
1104 2240 1271 2277 JURIN.
1291 2269 1305 2284 ,
1350 2241 1498 2277 PANZ.
1531 2268 1544 2283 ,

247 2306 396 2343 KLUG.
419 2328 472 2334 —-
491 2306 762 2353 Ichneumon,
789 2321 848 2345 DE
869 2307 1018 2352 GEER,
1047 2308 1256 2345 scopon.

303 2376 513 2415 Antennae
541 2376 692 2426 fronti,
711 2378 819 2417 inter
841 2377 999 2426 oeulos,
1023 2378 1201 2426 insertae,
1226 2377 1394 2417 thorace
1405 2374 1549 2428 saepius

250 2443 375 2498 paulo
387 2443 615 2498 longiores,
631 2447 716 2486 illis
734 2455 896 2487 setaeeae
911 2455 951 2487 et
977 2445 1164 2487 articulis
1189 2460 1213 2485 a
1235 2458 1284 2487 21
1312 2444 1364 2485 ad
1381 2446 1455 2493 25,
1483 2445 1549 2483 his
