1635 2824
279 191 300 226 1
313 172 382 228 56
555 176 806 230 Insecta.
851 175 1245 233 Pterodicera.

273 278 396 314 bialis.
427 282 557 314 ΡΑΝΖ.
579 283 699 316 Faun.
728 285 863 317 Insect.
891 286 1007 318 Germ.
1023 311 1033 328 ,
1050 285 1151 331 fasc.
1180 286 1223 330 59
1239 312 1249 328 ,
1261 283 1332 331 fig·
1351 284 1398 328 53
1427 284 1564 317 Srozz.

273 345 347 377 Cic.
362 370 373 383 ,
404 345 481 378 tab.
502 348 564 387 24,
580 346 649 392 fig.
670 331 994 394 15530Tettigonia
1008 355 1184 383 montana
1203 351 1354 389 Ros.51;
1379 349 1564 381 SCHAEFP.

271 407 384 442 Elem.
404 434 416 448 ,
445 410 520 443 tab.
549 410 656 455 127.)

270 472 446 512 OCicada
459 486 618 520 pygmea
636 473 780 507 Olivier
811 480 905 508 atroe
928 475 1091 520 ejusdem
1113 476 1234 511 forsan
1255 477 1421 510 varietas.

482 583 503 621 I
517 582 551 621 Ι.
597 583 628 622 C
642 597 657 620 1
671 598 691 621 c
708 597 734 621 A
749 598 775 622 n
790 597 814 622 Ε
825 597 850 622 1.
863 598 888 622 L
904 598 952 622 AE.
995 587 1076 624 Les
1117 587 1351 625 Cicadelles.

321 699 526 737 Antennae
559 699 665 735 inter
693 699 827 736 oculos
852 700 1042 743 insertoe,
1077 700 1261 738 articulis
1282 699 1408 738 tribus
1421 714 1438 746 ,·
1466 699 1567 736 ulti-

269 783 331 806 mo
337 768 472 819 facile
497 767 809 819 distinguendo,
833 768 1090 818 praecedente
1101 768 1169 806 ‘acl
1190 768 1309 807 basin
1331 783 1412 808 non
1439 768 1566 806 multo

262 838 504 891 graciliore,
533 837 823 890 subpyriformi
858 839 925 876 vel
946 839 1081 876 conico
1120 846 1198 876 aut
1237 839 1534 891 snbcylindrico
1554 869 1566 887 ,

265 910 420 960 soepius
439 910 482 945 in
498 916 648 954 setam,
676 910 920 960 elongatam,
939 909 1146 947 desinente
1158 925 1174 955 ,·
1192 909 1298 946 oculi
1320 909 1470 960 capitis
1485 924 1565 947 an-

262 979 383 1031 gulos
394 980 572 1030 posticos
583 1009 595 1027 ,
615 993 690 1034 non
691 978 848 1030 frontis
866 979 1068 1030 capitisve
1079 978 1272 1030 producti
1285 979 1427 1025 latera,
1446 993 1563 1017 occu-

259 1058 413 1103 pantes
431 1065 449 1096 ,·
480 1050 597 1087 ocelli
625 1052 764 1101 superi
771 1064 789 1096 ;
806 1049 964 1102 frontis
983 1064 1090 1101 apex
1117 1050 1361 1103 clypeusque
1387 1059 1462 1088 aut
1474 1053 1561 1101 ejus

266 1119 378 1156 basis
398 1119 543 1156 saltem
554 1120 672 1171 genis
689 1119 922 1171 productis,
957 1119 1017 1157 ad
1031 1120 1182 1165 latera,
1201 1121 1445 1158 extrinsecus
1460 1120 1563 1172 sal—

264 1197 382 1227 crata
390 1204 407 1236 ,·
425 1190 567 1227 thorax
585 1197 784 1241 segmento
808 1191 939 1235 unico,
968 1197 1043 1227 aut
1061 1190 1216 1229 duobus
1235 1199 1280 1228 at
1287 1192 1447 1242 postico
1471 1205 1562 1228 scu-

262 1257 474 1310 tellijbrmi
485 1287 498 1304 ,
524 1259 657 1295 antico
682 1257 907 1296 admodum
930 1260 1095 1297 minore.

311 1357 567 1392 OBSERVATm.
587 1358 758 1391 Rostrum
775 1358 1039 1392 Cicadellarum
1054 1364 1090 1391 et
1107 1357 1399 1405 Fulgorellarum
1410 1365 1560 1392 externe

262 1420 562 1462 biarticulatum,
591 1421 755 1454 articulis
782 1422 1057 1466 subaequalibus.

264 1557 296 1581 1.
321 1548 458 1582 Fulcra
484 1550 616 1589 rostri,
649 1562 823 1596 genarum
837 1550 1064 1595 processibus
1075 1550 1267 1597 formata,
1294 1550 1451 1584 lamellis
1469 1551 1561 1585 dua-

309 1612 399 1652 bus5
427 1613 627 1660 marginali
647 1620 682 1646 et
707 1621 854 1648 externa
876 1615 975 1648 ultra
999 1615 1105 1648 basin
1132 1615 1320 1658 verticall,
1348 1615 1562 1649 sublanceo-

308 1676 390 1710 lata
405 1702 414 1719 ‚
443 1679 582 1722 apicem
596 1690 718 1712 versus
737 1680 800 1712 vix
825 1679 1080 1727 distinguenda
1106 1679 1294 1726 (margine
1313 1679 1426 1725 infero
1444 1679 1560 1713 solum

308 1742 523 1786 conspicuo)
538 1757 551 1782 ;
581 1742 730 1776 lamella
753 1743 874 1777 altera
897 1744 1121 1777 horizontali
1149 1750 1184 1777 et
1203 1743 1343 1790 faciem
1354 1770 1365 1785 ,
1393 1744 1476 1778 basi
1497 1757 1559 1777 ex-

308 1811 435 1850 cepta,
460 1807 609 1850 penitus
624 1806 705 1853 fere
734 1814 954 1854 occupante5
986 1808 1132 1854 clypeus
1156 1810 1472 1855 ovato-trigonus,
1511 1809 1562 1841 ad

306 1870 444 1915 apicem
461 1883 532 1904 non
541 1870 730 1917 faleratus
743 1886 756 1913 ,-
783 1873 915 1906 thorax
929 1885 1003 1906 non
1019 1879 1245 1907 transversus
1259 1873 1433 1907 saltemve
1440 1873 1558 1918 paulo

306 1933 420 1968 latior
444 1947 553 1981 quam
572 1935 714 1981 longior
723 1950 738 1976 ,·
763 1937 914 1970 illorum
946 1937 1120 1970 lateribus
1147 1938 1288 1982 postice
1318 1939 1356 1969 in
1385 1936 1558 1982 angulum

304 2005 512 2032 truncatum
524 2001 835 2046 convergentibus;
849 2001 981 2035 horum
988 2008 1098 2047 parte
1099 2003 1246 2048 postica
1256 2001 1363 2036 valde
1366 2003 1558 2048 producta.

258 2087 469 2131 (Antennoe
496 2089 534 2121 in
558 2090 720 2122 cavitate
736 2087 878 2134 frontis
901 2090 1047 2122 summis
1073 2088 1248 2123 lateribus
1265 2091 1428 2130 insertae,-
1444 2089 1553 2136 frons

300 2153 438 2196 soepius
459 2152 636 2198 abrupta,
665 2154 872 2186 incrassata
897 2153 957 2187 vel
974 2153 1163 2194 dilata!a;
1185 2153 1287 2187 illius
1307 2155 1410 2199 apice
1428 2165 1555 2199 supero

302 2212 401 2247 linea
429 2215 600 2260 impressa
629 2216 893 2260 circumscripto
907 2231 921 2256 ,-
955 2215 1061 2249 ocelli
1084 2217 1153 2249 duo
1177 2217 1215 2249 in
1243 2217 1375 2262 capitis
1398 2217 1529 2249 vertice
1545 2240 1555 2257 ,

301 2279 499 2324 marginem
514 2279 698 2324 posticum
723 2280 886 2326 versus.)

304 2406 489 2449 CCCXC.
518 2408 679 2448 Gmws.
712 2409 952 2447 CERCOPIS.
984 2409 1164 2464 Cercqpe.

245 2462 487 2534 ocemopis
506 2510 520 2529 ,
560 2482 698 2531 FAB.,
728 2481 970 2522 SGHRANK.
1008 2466 1252 2520 ——silioada
1283 2478 1519 2530 (ranatroe)
1535 2505 1549 2523 ,
