1635 2824
250 188 274 224 1
286 168 319 223 6
559 168 814 222 Insecta.
854 164 1246 235 Pterodicera.

244 275 400 309 dimidio
428 276 609 319 longiores
624 301 633 318 ‚
653 274 820 308 articulis
842 280 999 317 quatuor
1014 281 1077 307 aut
1096 275 1277 318 quinque3
1295 272 1429 305 ultimo
1452 282 1548 305 cras-

245 337 361 378 siore,
378 337 589 381 subtrigono
613 343 676 368 aut
703 335 900 378 obconico3
926 336 1072 368 labiales
1099 335 1263 368 articulis
1289 335 1429 376 tribus,
1457 334 1546 366 ulti-

246 412 306 434 mo
332 401 502 433 crassiore
519 426 527 442 7
562 399 774 442 subgloboso
808 404 870 430 aut
898 399 1082 432 subovato.
1112 398 1286 432 Maxilloe
1318 404 1423 431 extus
1443 396 1551 430 :infra

249 465 416 497 coriaceae
430 490 438 505 ,
463 466 564 496 intus
590 469 622 495 et
644 462 743 504 apice
769 464 1263 505 compresso·membranacea*
1276 489 1284 503 ‚
1298 473 1463 506 processu
1478 468 1553 494 ter-

248 529 380 562 minali
416 534 521 560 extus
546 526 657 569 magis
684 526 841 557 colorato
868 526 927 558 vel
947 527 1174 561 subcoriaceo
1193 553 1202 570 ,
1232 527 1348 560 veluti
1372 526 1551 559 biarticu-

251 592 325 624 lato
354 598 389 623 et
415 589 570 622 articulo
602 600 745 620 summo
772 595 1003 633 transver503
1032 592 1158 625 eodem
1183 603 1345 636 processu
1374 591 1432 623 his
1453 590 1527 623 lato
1543 614 1553 631 ‚

251 653 532 694 subobtrigono,
548 651 593 683 ad
617 651 754 694 apicem
775 650 904 683 latiore
925 657 961 683 et
987 659 1083 685 recta
1106 659 1309 686 transverso
1327 669 1335 694 3
1354 652 1428 685 illis
1446 651 1555 684 semi-

254 723 358 749 ovato
371 741 380 758 ‚
400 715 606 748 rotundam.
629 716 786 748 Labimn
810 716 1146 760 membranaceum,
1160 718 1436 757 subcordatum,
1456 726 1556 748 mar-

254 781 336 825 gine
361 792 491 824 supero
517 780 646 812 latiore
676 805 684 818 ,
723 779 943 821 rotundato,
970 780 1111 823 integro
1143 787 1206 812 aut
1235 792 1363 824 parum
1393 780 1556 822 emargi-

255 853 350 879 nato.
367 849 533 880 sslentum
555 845 761 877 coriaceum
776 870 784 886 ‚
807 844 1116 886 subobconicun1‚
1137 844 1314 887 utrinque
1343 845 1387 876 ad
1415 845 1556 888 apicem

254 911 403 954 oblique
424 917 639 944 truncatum
669 911 727 942 vel
758 910 1024 954 emarginatum
1049 936 1058 952 ‚
1089 911 1188 954 apice
1217 921 1346 954 supero
1373 915 1409 942 et
1434 910 1557 942 medio

255 973 342 1006 inde
356 973 646 1005 subacuminam.

304 1040 422 1082 Caput
443 1044 688 1070 transversum
704 1061 712 1078 ‚
739 1036 895 1069 thoracis
911 1037 1129 1079 latitudine,
1145 1049 1182 1069 os
1202 1049 1327 1070 versus
1346 1061 1356 1077 ,
1375 1037 1556 1081 profunde

254 1109 290 1135 et
318 1102 497 1135 arcuatim
525 1101 803 1144 emarginatum.
836 1100 952 1133 ocelli
975 1108 1048 1134 tres
1074 1103 1114 1134 in
1139 1102 1365 1146 triangulum
1391 1101 1557 1145 dispositi

256 1167 460 1211 verticique
484 1166 624 1199 inserti.
660 1165 805 1198 Thorax
831 1165 958 1209 saepius
988 1166 1116 1209 gibbus
1142 1192 1151 1207 ,
1181 1177 1344 1208 crassus,
1373 1172 1556 1210 segmento

256 1231 378 1262 antico
405 1228 505 1261 brevi
521 1253 530 1270 ,
553 1233 718 1269 arcuato,
738 1227 782 1259 ad
807 1228 969 1270 scapulas
996 1229 1067 1260 late
1094 1235 1261 1271 protenso
1277 1244 1285 1271 3
1304 1228 1559 1262 metathoraciz

256 1297 483 1336 segmentum
509 1290 671 1333 primum
689 1290 726 1321 in
744 1288 939 1320 scutellum
966 1289 1249 1322 tuberculumve
1272 1301 1445 1334 magnum
1464 1291 1558 1322 dila-

259 1362 376 1388 tatum
392 1380 401 1396 ,
422 1355 463 1387 in
480 1353 670 1386 nonnullis
689 1353 889 1396 spinosum.
908 1352 1094 1386 Abdomen
1125 1354 1362 1386 metathoraci
1391 1352 1559 1398 pediculo

259 1419 449 1463 saepissime
469 1418 682 1451 brevissimo
710 1428 896 1449 annexum
914 1442 926 1456 ,
963 1428 1208 1461 compressum
1228 1443 1237 1459 ‚
1263 1418 1390 1450 subtus
1417 1417 1561 1450 carina-

260 1492 369 1527 tum,
407 1486 624 1529 plerumque
668 1495 729 1516 sex
776 1484 998 1527 segmentis3
1031 1485 1149 1528 primo
1184 1484 1420 1528 amplissime.
1448 1484 1566 1517 Pedes

261 1551 402 1590 breves,
423 1549 561 1590 validi3
582 1548 679 1580 tibiae
702 1548 903 1580 calcaribus
924 1548 1045 1592 parvis
1059 1548 1263 1589 instructae,
1281 1547 1367 1580 alias
1382 1547 1564 1589 inermes3

260 1622 441 1647 tax-sorum
464 1613 641 1646 articulus
664 1613 819 1645 ultimus
851 1613 1067 1656 pulvillatus
1083 1638 1092 1654 7
1115 1613 1302 1656 unguibus
1333 1611 1563 1656 simplicibus

260 1681 320 1712 vel
336 1680 377 1712 ad
393 1679 497 1711 basin
513 1678 668 1711 inferam
683 1684 827 1710 iantum
843 1678 1149 1710 subuuidenlalis.
1170 1677 1259 1712 Alae
1277 1689 1416 1724 superoe
1428 1676 1564 1709 horum

262 1742 393 1775 areolis
409 1741 482 1774 fere
496 1741 611 1775 nullis
628 1767 637 1782 ‚
662 1742 811 1774 illorum
829 1741 946 1773 areola
966 1741 1158 1785 marginali
1175 1741 1285 1773 unica
1298 1766 1308 1783 ,
1337 1740 1466 1773 areolis
1484 1738 1567 1771 sub-

261 1805 526 1849 marginalibus
558 1805 676 1838 tribus
703 1805 920 1850 (interdum
958 1805 1187 1850 obliteratis)
1220 1816 1377 1848 quarum
1407 1802 1566 1836 secunda

262 1870 441 1910 minima,
463 1870 570 1902 tertia
597 1870 781 1910 maxima,
808 1869 1038 1912 terminalis3
1066 1869 1184 1902 areola
1215 1868 1403 1910 discoidali
1431 1867 1565 1908 unica,

263 1936 424 1967 maxima
440 1961 448 1977 ‚
476 1935 721 1978 incompleta,
748 1934 947 1967 terminali.
980 1935 1143 1967 Feminoe
1170 1933 1430 1977 vegetabilium
1456 1941 1566 1963 venas

263 1999 423 2031 diversas
454 2006 644 2043 pungunt,
678 2000 776 2032 intra
800 2000 936 2031 vulnus
965 1996 1031 2031 o'va
1059 1999 1273 2043 deponunt3
1311 1998 1395 2030 inde
1428 1997 1567 2041 produ-

264 2071 401 2096 cuntur
435 2065 533 2108 gallae
561 2064 700 2108 forma,
733 2064 935 2098 substantia
959 2063 1092 2106 variae,
1119 2063 1250 2096 sobolis
1279 2063 1408 2096 domus
1440 2068 1476 2095 et
1504 2072 1568 2106 pa-

274 2129 417 2164 bulum.

267 2242 302 2279 Ῑ.
330 2242 538 2280 Antennae
564 2242 756 2279 tredecim
787 2242 972 2280 articulis
995 2250 1068 2279 aut
1087 2242 1293 2293 amplizcs;
1313 2238 1569 2277 mandibulae

320 2313 475 2358 breves,
508 2313 676 2351 breviter
713 2313 984 2365 szcbtrigonoe,
1013 2313 1240 2356 incisorioe,
1274 2311 1364 2348 basi
1385 2323 1536 2347 crassoe
1552 2337 1567 2354 ‚

321 2383 465 2421 subtus
489 2390 711 2422 excavatae.
749 2383 883 2433 Palpi
923 2383 1045 2420 obvii.
1074 2381 1314 2431 (Abclomen
1333 2378 1567 2432 pedunculo

321 2454 552 2492 brevissimo
567 2468 583 2502 ,-
614 2454 697 2492 aloe
720 2467 877 2504 supera?
907 2452 1053 2490 areolis
1081 2453 1290 2491 nonnullis
1319 2447 1565 2500 distinctis.)

1258 2537 1427 2578 CCCCX
1434 2535 1570 2576 LVII.
