1635 2824
262 164 369 221 25ss
542 162 793 217 Insecta.
837 161 1230 216 Pterodicera.

255 272 397 315 joribus
425 270 698 314 depromendae,
735 276 872 302 naturae
903 270 1040 301 etenim
1075 269 1186 313 magis
1219 279 1328 311 quam
1359 267 1555 303 hominum

258 335 461 368 theoreticae
477 340 513 366 et
528 334 782 377 systematibus
808 333 1044 366 credendum.
1070 333 1347 365 Observandum
1375 339 1426 365 est
1447 333 1557 366 etiam

257 400 298 432 in
339 410 512 443 generum
548 399 798 430 characterum
838 396 1062 439 expositione
1104 397 1234 428 scriem
1264 396 1557 429 mathematicam

258 463 403 496 admitti
427 474 501 495 non
528 473 647 505 posse,
674 460 781 492 modo
805 465 987 500 antennae,
1015 460 1122 492 modo
1142 460 1385 492 instrumenta
1403 460 1562 500 cibaria,

258 527 477 571 quandoque
503 536 589 557 vero
613 534 829 566 organorum
860 529 981 555 motus
1011 523 1093 555 talis
1128 530 1191 556 aut:
1226 524 1308 556 talis
1338 523 1559 556 modificatio

257 591 449 634 praevalere
478 588 666 619 videntur.

305 653 354 687 2⁰.
382 654 628 684 Instrumenta
653 650 787 682 cibaria
805 675 813 690 ,
836 649 924 682 licet
949 652 1099 695 exigua,
1132 653 1219 685 licet
1249 652 1436 684 observatu
1459 650 1558 683 diffi-

260 718 366 757 cilia,
394 716 480 748 licet:
506 715 685 758 litigiosa,
711 713 934 745 characteres
958 719 1079 746 tamen
1108 715 1300 758 primarios
1329 721 1364 747 et
1399 715 1560 747 absolute

259 777 500 822 requirendos
525 776 713 808 exhibent.

307 841 354 874 5⁰.
383 842 425 873 In
452 852 579 884 genere
607 840 765 872 maxime
795 839 955 872 naturali
983 850 1113 882 organa
1140 841 1317 884 praecipua
1347 852 1502 874 nurnero
1526 847 1562 873 et

261 905 378 937 forma
408 904 532 936 eadem
563 915 635 936 esse
662 903 821 944 debent,
852 915 927 936 non
957 904 1163 936 associanda
1197 904 1309 947 igitur
1329 916 1406 947 quae
1424 906 1463 937 in
1481 916 1563 948 par-

262 968 360 1000 tibus
386 968 577 1000 nonnullis
599 967 715 1011 reipsa
741 968 989 1008 conveniunt,
1016 967 1074 999 sed
1095 979 1172 1010 quae
1188 967 1227 999 in
1242 968 1400 1007 caeteris,
1429 969 1499 1001 alia
1518 969 1562 1000 ab

264 1032 345 1064 aliis
365 1032 581 1074 discrepant.
607 1031 832 1063 Insectorum
851 1042 979 1074 genera
999 1031 1137 1063 alarum
1165 1037 1200 1062 et
1222 1037 1464 1063 antennarum
1480 1032 1564 1064 har-

260 1096 383 1129 monia
408 1095 558 1128 fundata
585 1095 718 1127 exinde
740 1095 990 1138 repelluntur,
1017 1095 1047 1126 si
1069 1095 1285 1127 nutritionis
1314 1096 1559 1127 instrumenta

263 1162 403 1194 diverse
429 1160 702 1193 constituantur
727 1165 790 1190 aut
808 1159 935 1191 saltem
958 1159 997 1191 in
1023 1159 1193 1191 methodo
1217 1159 1399 1192 artificiali
1420 1166 1562 1193 tantum

260 1224 496 1256 admittenda.
522 1223 664 1255 Harum
685 1221 847 1265 partium
876 1221 990 1253 officia
1013 1231 1099 1254 sunt
1124 1223 1272 1265 majoris
1300 1234 1444 1266 prorsus
1480 1234 1559 1256 mo-

261 1289 380 1321 menti
409 1299 519 1330 quam
543 1287 683 1318 alarum
712 1285 863 1317 cellulae.

310 1361 357 1394 4⁰.
387 1360 526 1404 Speciei
554 1372 632 1392 mas
648 1358 844 1404 etfemz'na
862 1359 1029 1401 quamvis
1048 1369 1266 1402 organorum
1294 1361 1561 1393 nonnullorum

261 1425 394 1466 forma,
423 1424 605 1456 coloribus
624 1448 633 1464 ,
660 1423 751 1454 alter
779 1423 822 1454 ab
860 1422 972 1454 attero
1009 1421 1192 1465 distincti,
1231 1423 1366 1454 animal
1393 1423 1487 1455 idem
1523 1424 1562 1456 in

261 1488 389 1520 ordine
415 1485 575 1517 naturali
601 1484 759 1517 habendi
782 1490 879 1516 sunt.
909 1484 966 1515 Ad
1001 1495 1174 1527 generum
1204 1485 1477 1528 specierumque
1502 1486 1566 1518 de-

262 1551 502 1594 signationem
524 1549 745 1581 characteres
767 1548 871 1580 sexui
897 1548 1007 1580 unico
1033 1549 1195 1592 proprios
1220 1555 1283 1580 aut
1302 1560 1512 1581 communes
1529 1556 1565 1583 at

259 1615 376 1647 forma
412 1614 571 1646 diversos
609 1613 780 1644 adhibere
809 1612 1090 1655 compellimur,
1122 1619 1157 1644 et
1182 1612 1248 1645 hoc
1276 1613 1368 1646 vitio
1398 1614 1563 1646 laborant

261 1678 423 1710 methodi
454 1688 592 1709 omnes.

310 1742 358 1774 5⁰.
385 1741 484 1774 Ordo
518 1740 697 1773 naturalis
733 1751 874 1772 summa
908 1740 1100 1783 diligentia
1129 1741 1390 1784 explorandus3
1427 1742 1566 1784 Hyme-

262 1814 413 1852 noptera
438 1807 478 1839 in
498 1806 723 1839 terebrantia
746 1812 781 1838 et
812 1805 983 1839 aculeata
1010 1806 1156 1839 dividit.
1173 1806 1323 1839 Domini
1341 1808 1469 1840 Jurine
1485 1819 1565 1839 me-

260 1872 391 1905 thodus
415 1871 522 1903 seriei
548 1870 708 1903 naturali
727 1870 766 1902 in
792 1870 979 1914 perpaucis
996 1869 1223 1911 adversatur,
1252 1881 1337 1902 cum
1366 1870 1562 1914 Cynipsera

263 1936 307 1967 ab
338 1933 678 1972 Iclzeumonidibus,
706 1933 874 1967 Matilloe
898 1940 933 1966 et
957 1934 1136 1966 Formicoe
1164 1945 1183 1964 a
1209 1933 1351 1978 Tiphiis
1367 1933 1470 1976 longe
1491 1933 1564 1965 dis-

262 2003 343 2030 tant
368 2004 403 2029 et
432 1996 602 2042 Apiariis
626 1996 855 2027 succedentia
871 2020 880 2037 ⁷
899 1996 1255 2038 Hymenopterorum
1280 1994 1446 2027 ordinem
1465 1995 1565 2026 clau-

264 2061 365 2094 dant.

312 2124 364 2156 (30.
391 2125 580 2157 Generum
597 2124 819 2157 characteres
833 2150 841 2166 ,
857 2123 922 2156 alii
937 2134 1022 2155 cum
1040 2123 1141 2163 aliis,
1163 2123 1418 2166 comparandi,
1437 2123 1566 2155 sectio-

263 2199 326 2221 nes
348 2188 650 2232 multiplicandae,
673 2194 714 2220 ut
744 2188 887 2231 generis*
906 2188 944 2220 in
953 2186 1139 2229 vestigatio
1164 2185 1305 2218 facilior
1330 2185 1468 2218 evadat.

310 2283 421 2316 Nunc
444 2283 586 2315 domini
607 2283 736 2315 Jurine
759 2281 1052 2325 'terminologiam
1074 2292 1159 2313 cum
1185 2286 1308 2312 nostra
1324 2279 1562 2313 conferamus.

313 2348 717 2393 stigma—Punctum,
742 2359 890 2392 carpus,
913 2349 1086 2380 JURLNE.

312 2413 389 2446 Alae
412 2424 548 2457 superae
574 2424 697 2456 margo
726 2413 885 2446 exterior
910 2413 985 2446 sive
1004 2418 1100 2444 costa
1126 2423 1146 2444 a
1177 2411 1254 2445 basi
1281 2411 1324 2445 ad
1346 2412 1476 2455 stigma
1501 2416 1561 2443 aut

266 2480 446 2524 punctum
466 2499 511 2507 —
527 2480 669 2518 radius,
697 2480 727 2512 J.

1463 2548 1562 2580 Basis
