1635 2824
250 155 272 189 1
285 136 352 208 78
536 137 789 192 Insecta.
818 134 1213 247 1Ριξενοεῖιόενα.

547 275 878 314 SECTIO
943 276 1244 316 PRIMA.

293 375 547 416 Mandibulae
562 375 718 415 validae.
738 377 852 416 Tarsi
870 376 1059 416 articulis
1083 378 1228 418 tribus.
1247 374 1332 415 Alae
1350 373 1542 430 aequales.

499 486 898 525 FAMILIA
983 487 1277 527 PRIMA.

367 591 829 622 LIBELLULINAE.
881 592 1404 624 LIBELLULINES·

396 694 587 733 Odonata
598 695 841 733 FABRIGII.
872 692 1076 732 Odonates
1091 694 1140 733 de
1155 695 1382 746 Fabricius.

475 844 805 883 SECTIO
866 843 1297 885 SECUNDA.

286 949 541 989 Mandihulae
576 948 701 989 nullae
731 959 801 989 aut
841 950 1046 989 obsoletae.
1080 950 1195 989 Tarsi
1223 949 1408 989 articulis
1434 964 1540 1005 qua-

234 1027 343 1057 tuor.
373 1017 459 1057 Alae
499 1018 642 1058 inferae
682 1019 840 1072 superis
879 1017 1013 1058 multo
1053 1019 1246 1058 minores.
1289 1018 1412 1057 Pedes
1453 1018 1535 1057 duo

230 1089 358 1128 antici
382 1087 617 1142 longiores,
643 1090 836 1143 porrecti.
868 1089 1123 1141 (Abdomen
1147 1090 1241 1129 setis
1260 1087 1534 1142 caudalibus.)

536 1229 818 1269 TRIBUS
875 1228 1237 1268 SECUNDA.

426 1343 842 1373 FILICORNES.
912 1342 1340 1374 FILICORNES.

322 1451 534 1504 Synistata
563 1452 806 1489 FABRJCH.
838 1452 1082 1503 Synistates
1123 1450 1173 1489 de
1205 1450 1437 1490 Fabricius.

283 1571 486 1611 Antennae
514 1570 703 1610 articulis
726 1571 930 1610 sexdecim
959 1580 999 1610 et
1026 1570 1157 1618 ultra,
1177 1580 1408 1611 extrorsum
1428 1585 1535 1611 cras-

233 1642 359 1680 siores
390 1641 456 1681 vel
483 1641 701 1681 filiformes
727 1651 798 1680 aut
822 1642 1024 1695 paulatim
1047 1651 1230 1691 setaceae,
1257 1643 1425 1682 thorace
1450 1658 1536 1682 non

230 1710 454 1749 breviores.
481 1710 598 1764 Palpi
616 1711 853 1751 maxillares
869 1713 1038 1760 exserti,
1059 1712 1246 1752 articulis
1266 1713 1451 1766 quinque
1468 1720 1536 1751 aut

226 1788 406 1833 quatuor
428 1781 650 1820 distinctis.
685 1780 770 1820 Alae
791 1781 936 1834 saepius
955 1780 1120 1820 deflexae
1139 1790 1208 1820 aut
1228 1782 1531 1821 incumbentes.

540 1898 870 1937 SECTIO
925 1899 1223 1938 PRIMA.

745 1987 1017 2026 Mandibulae.

509 2099 887 2138 DIVISIO
942 2100 1240 2139 PRIMA.

601 2186 716 2226 Tarsi
741 2186 928 2226 articulis
956 2188 1153 2242 quinque.

274 2286 407 2339 Caput
431 2299 624 2339 processu
644 2286 782 2325 antico
811 2287 957 2325 rostri-
1042 2305 1069 2337 F
1071 2304 1247 2337 AM1L1A
1272 2304 1506 2337 SECUNDA,

219 2356 347 2396 sormi
364 2365 403 2395 et
420 2355 470 2395 ad
489 2356 649 2410 apicem
666 2355 955 2397 instrumentis
974 2390 995 2467 j
1098 2370 1124 2402 P
1139 2381 1164 2402 A
1181 2381 1205 2402 N
1224 2380 1246 2401 0
1262 2380 1285 2401 R
1301 2380 1387 2402 ΡΑΊ·
1401 2380 1443 2401 AE.

219 2425 389 2466 cibariis
416 2425 632 2467 instructo.
1145 2435 1392 2479 Panorpates.
