1635 2824
273 224 372 260 102
567 210 819 265 Insecta.
866 211 1256 269 Pterodicera.

491 367 887 409 FAMILIA
958 370 1335 420 QUARTA.

573 485 862 520 AGRYDII.
899 489 1239 523 ACRYDIENS.

313 599 638 635 OBSERVATIONES.
664 604 849 637 Antennoe
874 603 1059 638 filiformes
1084 612 1146 639 aut
1161 607 1370 640 subsetaceae
1391 608 1450 640 vel
1467 607 1562 652 pris-

267 665 646 708 mafieo-ensfformes,
671 667 712 699 in
734 668 924 700 nonnullis
943 675 1148 703 extrorsum
1166 672 1369 713 crassiores,
1396 671 1564 716 subcapi-

266 735 371 768 tatae,
402 729 559 763 thoracis
576 731 779 774 corporisve
799 731 947 765 dimidii
970 733 1199 777 longitudine
1214 760 1223 776 ,
1253 735 1416 768 articulis
1434 747 1453 768 a
1471 736 1563 768 duo-

267 791 386 824 decim
411 792 629 826 tredecimve
644 793 689 827 ad
711 794 843 838 viginti
869 795 1047 839 quinque.
1075 795 1235 829 Labrum
1258 798 1383 841 saepius
1406 797 1565 841 emargi-

267 861 406 888 natum.
433 857 664 892 Mandibulae
694 858 985 892 mulii-dentatae.
1007 858 1123 904 Palpi
1148 859 1301 892 articulo
1319 860 1452 893 ultimo
1479 860 1564 893 sub-

267 921 451 955 obconico.
476 924 652 958 Maxillae
679 926 778 969 apice
800 926 1014 959 tridentatae.

314 985 477 1019 Habitus
497 987 738 1028 locustarum,
766 995 801 1021 at
825 1000 954 1033 corpus
977 990 1147 1032 crassius,
1172 990 1324 1033 pedibus
1348 989 1564 1022 robustiori-

250 1046 357 1090 bus,
389 1046 562 1094 (posticis
590 1051 811 1098 praesertim)
847 1052 1100 1094 brevioribus,
1138 1052 1182 1084 ad
1215 1052 1421 1085 saltandum
1453 1053 1564 1096 magis

267 1111 430 1155 idoneis;
453 1119 608 1157 quatuor
639 1116 860 1159 posticorum
891 1117 1034 1160 singulo
1060 1116 1103 1148 ab
1136 1116 1296 1160 ejusdem
1331 1117 1428 1160 paris
1454 1116 1566 1149 altero

268 1176 462 1210 intervallo
483 1190 612 1223 magno
636 1180 790 1213 distante
814 1179 982 1226 (pectore
1006 1181 1076 1213 late
1104 1186 1139 1212 et
1157 1181 1363 1223 quadi-:uim
1381 1180 1563 1224 extenso).

271 1239 388 1273 Ocelli
406 1247 478 1274 tres
502 1242 686 1286 distincti,
714 1243 886 1276 froiuales
908 1255 970 1287 per
992 1243 1219 1287 triangulum
1238 1243 1423 1287 dispositi5
1443 1254 1487 1275 ex
1508 1243 1563 1275 his

268 1315 343 1336 uno
357 1305 574 1350 plerumque
595 1307 775 1349 solitario,
803 1307 920 1340 infero
933 1332 942 1350 ‚
959 1307 1088 1339 carinae
1101 1307 1243 1339 suloulo
1269 1312 1303 1338 et
1324 1307 1420 1339 inter
1438 1312 1566 1338 anten-

267 1379 332 1401 nas
356 1369 493 1402 inserto
519 1385 528 1413 3
551 1371 692 1404 duobus
721 1371 803 1404 aliis
829 1378 1074 1404 antennarum
1100 1371 1339 1404 insertionem
1366 1382 1495 1415 supra,
1522 1371 1566 1403 ad

267 1433 459 1466 oculorum
484 1435 686 1478 marginem
712 1436 914 1469 internum.
935 1435 1068 1480 Elytra
1092 1435 1131 1467 in
1156 1440 1312 1478 utroque
1338 1446 1425 1467 sexu
1449 1435 1568 1466 consi-

268 1497 395 1540 milia3
422 1499 594 1541 maseuli,
619 1500 690 1532 alas
703 1499 805 1534 tibiis
820 1499 963 1544 posticis
978 1499 1141 1532 fricando
1162 1499 1316 1532 strident
1329 1523 1339 1541 ‚
1359 1504 1394 1531 et
1414 1497 1567 1531 feminas

270 1561 452 1594 alliciunt.

268 1679 307 1716 I.
341 1678 399 1716 Os
430 1678 627 1716 detectum
641 1695 657 1726 ;
683 1687 873 1718 antennae
902 1680 1087 1727 articulis
1112 1694 1139 1718 a
1165 1680 1302 1717 decem
1333 1687 1370 1715 ec
1398 1686 1479 1716 octo
1515 1677 1574 1714 ad

322 1750 474 1801 viginti
499 1757 671 1801 quatuor
684 1765 701 1797 ;
728 1751 852 1802 galea
870 1765 1042 1802 magna,
1071 1750 1360 1801 subobtrigona
1384 1749 1450 1787 vel
1474 1748 1571 1785 sub-

325 1826 446 1856 ovata
458 1834 476 1866 ;
519 1820 675 1857 labium
704 1820 908 1871 bzfidum,
949 1821 1195 1858 laciniarum
1224 1819 1396 1858 articulo
1428 1818 1570 1856 ultimo

323 1897 550 1928 transverso
563 1905 581 1937 ;
597 1898 796 1928 tar-sorum
810 1892 1008 1929 articulus
1027 1892 1192 1929 ultimus
1211 1889 1437 1942 appendice
1453 1903 1571 1926 mem-

325 1958 549 2005 branacea,
575 1960 820 2007 rotundam,
850 1962 955 1999 inter
987 1974 1140 2013 ungues
1166 1961 1385 2010 interjecta.

322 2084 534 2124 CCCLVI.
564 2085 722 2124 Gmws.
753 2089 1039 2124 PNEUMORA.
1069 2088 1305 2123 Pneamore.

325 2157 579 2201 Pneumora,
619 2157 801 2194 THUNB.
819 2179 872 2184 —
895 2156 1063 2208 Gryllus
1097 2152 1334 2208 (Locusta)
1352 2183 1365 2200 ,
1400 2155 1543 2192 LINN.
1560 2183 1574 2200 ‚

273 2226 386 2264 ΓΑΒ.
421 2247 473 2253 —-—
504 2225 756 2277 Acrydium,
786 2239 847 2264 DE
875 2226 1031 2271 GEER,
1066 2226 1283 2264 Ozwnffl.

326 2296 533 2334 An-tennae
560 2294 776 2335 filiformes
798 2296 1001 2349 (articulis
1031 2311 1054 2335 a
1079 2295 1282 2335 sexdecim
1310 2293 1359 2333 ad
1379 2292 1568 2347 viginti).

274 2367 410 2405 Pedes
445 2379 588 2405 omnes
624 2381 796 2420 corpore
835 2367 1057 2407 breviores.
1098 2368 1226 2406 Ocelli
1265 2364 1540 2419 approximati
1563 2394 1574 2413 ,

276 2436 386 2475 inter
407 2449 447 2474 se
477 2436 666 2490 suhaeque
685 2435 834 2477 dissiti.
870 2438 1085 2478 Abdomen
1113 2437 1257 2492 saepius
1276 2433 1550 2477 vesiculosum
1564 2463 1575 2483 ‚

277 2513 323 2543 ut
357 2518 557 2554 vacuum,
586 2504 793 2544 inflatum.
