1696 2778
310 160 380 215 58
603 164 852 228 Insecta.
881 166 1270 222 Pterodc'cera.

308 275 570 320 aperturam,
595 269 775 321 insertae,
809 272 1075 325 (earumdem
1103 273 1191 313 basi
1221 271 1355 312 antica
1394 271 1444 310 ab
1467 270 1599 311 oculis

307 346 446 378 tamen
472 354 556 380 non
585 341 756 393 cincta).
784 345 1074 395 Palpi-omnes
1091 353 1322 383 extrorsum
1348 342 1597 382 subcrassio-

308 421 395 455 res,
424 409 599 449 articulo
627 409 777 451 ultimo
796 412 998 453 oheonico
1011 443 1021 461 ‚
1044 427 1277 467 compresso
1295 421 1365 451 aut
1382 411 1598 452 subobtri-

304 492 434 532 gono,
465 494 487 518 a
516 480 604 519 basi
630 479 680 519 ad
709 480 866 534 apicem
890 481 1057 532 latiore,
1085 483 1199 537 apice
1224 491 1434 532 truncat03
1452 480 1593 520 eodem

302 545 523 587 labialium
554 549 696 601 saepius
738 551 944 590 crassiore.
982 553 1161 591 Labium
1191 552 1340 600 breve,
1372 550 1454 590 late
1498 564 1596 603 pro-

303 616 511 671 fundeque
527 620 828 672 emarginatum
842 650 852 669 ,
878 619 987 659 lobis
1010 622 1257 675 marginisve
1276 620 1414 675 superi
1433 619 1598 674 angulis

303 684 546 726 lateralibus
572 679 823 727 divaricatis·
852 691 1045 728 Mentam
1075 699 1248 745 superne
1272 690 1507 745 angustius,
1536 689 1598 728 la-

301 756 460 795 teribus
487 771 507 794 a
533 756 619 795 basi
649 756 699 796 ad
726 758 885 811 apicem
914 758 1514 814 rotnudato—convergentibus.

356 826 498 877 Caput
522 835 700 878 nutans,
733 827 910 868 thoracis
946 830 1132 882 margine
1161 829 1298 869 antico
1329 829 1484 881 postice
1509 842 1596 867 nou

301 895 459 945 latius;
500 895 633 936 oculis
665 896 781 937 valde
813 897 978 937 lunatis.
1020 899 1182 937 Thorax
1209 896 1496 936 teretiusculus
1528 895 1594 935 vel

303 965 604 1019 subquadratus
641 976 710 1006 aut
749 967 1084 1008 suborbiculatus
1123 977 1164 1007 et
1202 968 1336 1007 antice
1358 967 1593 1020 posticeque

301 1041 536 1083 truncatus,
563 1034 761 1076 lateribus
790 1037 1039 1085 rotundatis,
1071 1037 1120 1077 ad
1151 1037 1337 1077 medium
1363 1035 1594 1075 latioribus.

301 1105 451 1157 Elytra
477 1104 683 1146 abdomen
710 1105 875 1161 alasque
902 1107 1066 1161 penitus
1095 1107 1283 1161 tegentia.

348 1215 601 1250 Onsnnv'Ario.
623 1218 722 1262 Cbrtz'
737 1245 749 1258 ,
775 1218 930 1253 callidia
949 1219 1117 1252 Fabriciit
1137 1221 1335 1263 palpor'um
1352 1219 1508 1252 articulo
1531 1220 1593 1251 ul-

299 1277 391 1311 timo
407 1280 612 1313 subclavato
635 1288 670 1313 et
696 1282 955 1326 subobtrigono
971 1308 981 1325 ‚
1001 1283 1237 1315 maxillarum
1258 1294 1422 1326 processu
1446 1289 1595 1315 externo

298 1342 490 1386 breviore,
520 1355 539 1375 a
567 1345 831 1389 cerambycibus
851 1346 967 1389 prima
998 1345 1095 1379 fonte
1128 1345 1300 1378 distincta
1333 1345 1530 1387 videntur3
1559 1352 1594 1378 at

298 1407 455 1439 nexibus
495 1407 671 1451 gradatim
717 1408 893 1442 ordinatis
932 1403 1102 1442 delentur
1138 1408 1179 1441 hi
1218 1409 1451 1442 characteres,
1493 1408 1590 1440 Idem

299 1469 503 1501 dicendum*
516 1469 559 1501 de
582 1469 743 1502 thoracis·
754 1470 880 1503 foma.-
902 1470 1105 1515 C'Zytorum,
1120 1470 1348 1504 callidiorum
1370 1478 1498 1513 genera
1512 1480 1593 1514 ergo

298 1532 522 1565 secundaria.

297 1627 336 1664 I.
365 1627 499 1677 Palpi
526 1641 661 1666 omnes·
683 1628 852 1666 articulo
876 1628 1016 1666 ultimo
1046 1627 1436 1680 elongato-obconioo
1449 1641 1466 1673 ;
1499 1641 1591 1664 ma-

351 1697 515 1735 xillares
536 1697 760 1735 labialibus
785 1699 980 1737 breviores
996 1727 1006 1741 ,
1032 1698 1294 1735 maxillarum
1309 1699 1466 1748 apicem
1485 1697 1595 1734 ultra

347 1781 428 1804 non
446 1769 669 1819 progressi,
694 1768 878 1805 articulis
904 1767 1077 1805 secundo
1103 1775 1143 1804 et
1166 1769 1280 1804 tertio
1301 1766 1558 1804 brevissimis.

297 1852 312 1903 (
327 1853 488 1891 Thorax
514 1855 794 1892 teretiusculas
808 1883 820 1899 ,
848 1854 1067 1905 inaeqzcalis
1079 1882 1091 1899 ,
1109 1854 1297 1904 utrinque
1316 1853 1591 1902 unispinosus,

352 1925 489 1976 elytris
519 1925 642 1975 triplo
677 1924 830 1963 brevior
843 1940 862 1971 ,·
887 1938 1032 1976 eorpus
1063 1923 1321 1974 depressum,
1354 1919 1484 1958 viride
1518 1926 1592 1955 aut

349 1993 477 2031 colore
511 1994 739 2041 metallico5
775 2002 964 2031 antennoe
989 1993 1122 2045 longae
1134 2006 1152 2038 ;
1190 1990 1374 2028 maxilloe
1398 2002 1590 2041 processa

349 2072 508 2101 externo
534 2063 593 2100 ad
621 2064 737 2101 basin
764 2063 1179 2113 attenuato-elongato
1192 2061 1218 2109 ).

344 2166 594 2211 Cerambyces,
624 2166 709 2199 Fab.
731 2178 738 2198 ι
769 2166 972 2199 ηιοσεήαίαε
988 2190 999 2204 ,
1026 2166 1164 2203 virens,
1191 2162 1412 2200 alhitarsus,
1448 2161 1590 2198 nitens,

296 2231 452 2273 micam,
469 2237 567 2271 ater,
582 2230 740 2276 festivas
752 2256 762 2274 ‚
784 2231 960 2271 vittatus,
984 2229 1184 2269 vacamus,
1203 2229 1354 2262 sericeas
1366 2251 1375 2267 ,
1392 2224 1566 2259 suturalis
1578 2249 1587 2264 ‚

301 2294 435 2342 latipes
445 2320 456 2334 ,
486 2294 645 2340 alpinus.

294 2402 358 2439 II.
389 2400 521 2451 Palpi
542 2414 676 2438 omnes
695 2400 864 2437 articulo
891 2399 1033 2436 ultimo
1057 2395 1474 2449 elongato-obconico;
1501 2405 1592 2429 ma-

348 2468 514 2506 xillares
538 2468 764 2506 labialibus
787 2467 916 2519 paulo
940 2467 1137 2519 longiores
1155 2473 1228 2504 azot
1243 2464 1389 2502 saltem
1407 2475 1485 2498 non
1504 2461 1588 2498 bre-
