1635 2824
124 207 268 266 Ord.
283 205 335 264 I.
352 205 428 261 F.
450 202 813 268 XXXIV,
842 201 1259 278 Cerambycini.
1302 208 1368 262 41

127 312 348 355 CCCXIV.
379 311 541 350 Gmws.
572 311 817 348 LEPTURA.
846 311 1038 362 Lepture.

129 387 337 437 Leptam,
369 383 545 426 anm,
577 394 640 419 DE
674 381 803 419 GEER
825 410 838 426 ,
880 381 1022 426 FAB„
1059 380 1220 428 Onna,
1253 383 1378 421 LAM-

78 477 132 485 -
167 454 402 492 Stenocoras
418 481 432 498 ,
472 451 663 496 Gssomn,
699 452 811 489 ΓΑΒ.
825 480 838 497 ,
884 450 1016 489 Omr.
1048 471 1102 480 -
1133 452 1348 504 Rlzagium
1368 483 1378 501 ,

80 526 320 564 FABRICH.

134 594 341 633 Antennae
366 593 476 630 inter
503 589 647 629 oculos
672 590 745 629 vix
762 589 928 629 lunatos
959 599 999 629 et
1025 590 1258 644 marginem
1278 591 1381 631 illo-

81 677 176 702 rum
202 662 416 701 internum
442 659 710 714 amicumque
739 673 882 700 versus
906 660 1077 700 insertae.
1111 662 1245 714 Palpi
1277 662 1382 700 arti-

80 732 176 772 culo
216 730 367 771 ultimo
396 730 596 770 obconico
619 761 630 780 ,
673 744 904 784 compresso
931 747 941 782 3
981 729 1154 771 labiales
1186 731 1384 771 minores.

81 804 281 845 Maxilloe
302 816 493 857 processu
521 811 690 842 externo
723 801 774 840 ad
802 801 922 840 basin
946 801 1386 855 elongato—attenuato.

81 876 267 915 Labium
301 873 565 927 elongatum,
602 872 648 911 in
676 871 814 911 medio
841 880 1095 912 coarctatum
1114 902 1124 921 ,
1142 874 1256 927 apice
1283 888 1383 927 pro-

84 943 215 983 funde
243 943 391 993 bifido;
419 941 527 981 lobis
548 940 770 994 elongatis,
785 954 885 994 saepe
907 941 1240 982 conniventibus.
1255 946 1388 982 Men-

84 1022 171 1052 tum
198 1008 786 1063 transverso-subquadratum.

144 1085 285 1136 Caput
309 1090 484 1129 nutans,
509 1080 690 1120 thoracis
713 1080 901 1135 margine
929 1082 1065 1123 antico
1091 1082 1246 1136 postice
1263 1081 1388 1123 latius

88 1163 160 1193 aut
194 1152 246 1192 ab
286 1150 361 1192 illo
402 1149 618 1206 strangulo
654 1151 880 1193 discretum
908 1169 919 1204 ;
955 1152 1089 1192 oculis
1124 1153 1195 1192 vix
1219 1153 1388 1193 lunatis.

89 1224 251 1263 Thorax
278 1237 301 1261 a
335 1222 426 1262 basi
466 1221 519 1262 ad
557 1222 717 1276 apicem
753 1223 905 1262 sensim
943 1223 1177 1277 angustior,
1220 1223 1390 1263 conieo-

87 1302 303 1333 truncatus
343 1302 413 1332 aut
453 1293 848 1347 subtrapeziformis.
889 1294 1106 1345 Coleoptra
1144 1292 1389 1346 plerumque

84 1362 564 1418 elongato-subtrigona
592 1366 640 1418 (a
667 1363 756 1403 basi
787 1363 838 1402 ad
869 1363 1030 1417 apicem
1061 1364 1214 1403 sensim
1240 1378 1392 1417 angus-

88 1434 194 1475 tiora
210 1434 239 1488 ).

88 1555 129 1594 I.
160 1554 323 1593 Thorax
352 1555 540 1607 utrinque
562 1555 753 1606 spinosus
782 1562 856 1592 aut
882 1554 1255 1602 unituberealatus,
1285 1557 1392 1595 inoe-

658 1625 810 1676 qualis.

99 1735 130 1757 1.
162 1725 348 1759 Antennoe
374 1737 520 1770 corpore
547 1725 724 1760 breviores
748 1752 758 1768 ‚
794 1725 962 1760 articulis
990 1726 1157 1760 brevibus
1174 1753 1184 1771 ,
1211 1727 1390 1762 subobcoa

684 1792 792 1823 nicis.

139 1876 292 1923 Rhagia
310 1876 394 1910 Fab.
417 1889 424 1909 :
452 1877 600 1911 mordax
617 1902 627 1920 ,
654 1879 870 1923 inquisitor,
887 1879 1036 1920 salicis,
1061 1880 1293 1916 clathratum.

94 1985 126 2008 2.
155 1976 343 2010 Antennoe
377 1976 535 2021 corporis
566 1975 793 2022 longitudine
815 1984 882 2010 aut
910 1977 977 2011 illo
1003 1978 1200 2026 longiores,
1226 1981 1396 2015 articulis

484 2037 692 2084 elongatis,
717 2038 1008 2084 subcylindriciS.

139 2134 292 2182 Rhagia
315 2136 401 2169 Fab.
420 2149 426 2168 z
445 2135 681 2183 bifasciatum
695 2164 708 2178 ,
737 2150 859 2172 cursor
873 2164 885 2183 ‚
904 2141 1085 2181 cinctum,
1108 2144 1240 2177 noctis.
1269 2142 1393 2188 Ejusd„

95 2197 246 2245 lepturoe
264 2213 276 2232 .·
299 2201 502 2235 meridiana
520 2227 530 2244 ,
556 2201 806 2243 4-maculata,
830 2209 897 2237 etc.

253 2309 316 2347 II.
357 2310 520 2348 Thorax
544 2312 740 2357 mutiens,
773 2311 894 2350 loevis
924 2319 999 2349 aut
1019 2312 1226 2352 subloevis.

173 2421 204 2444 1.
227 2412 414 2446 Antennoe
443 2414 611 2448 articulis
635 2415 843 2455 obconicis,
871 2417 921 2449 ad
951 2418 1090 2461 apicem
1108 2418 1333 2450 incrassatis.

142 2505 358 2541 Stenocorus
378 2521 545 2553 cyaneus.
571 2510 657 2542 Fab.

228 2571 313 2619 III.
1140 2575 1174 2624 6
